2398 3724
963 155 1031 196 111
1077 154 1141 206 16,
1179 154 1359 205 35—17,
1397 154 1450 200 37
2116 142 2177 194 75

236 323 346 367 nae,
383 322 480 373 qua
513 305 710 373 patriae
742 304 1088 373 parricidium,
1140 321 1238 372 quo
1276 321 1370 356 uno
1405 304 1735 356 continentur
1764 304 1937 356 omnia
1967 305 2170 366 scelera,

231 386 500 454 persuasit.
535 386 637 438 iam
670 385 794 437 illud
827 385 938 453 quis
971 402 1074 438 non
1106 384 1276 437 ridet?
1311 385 1408 453 ipsi
1440 385 1620 437 dicunt
1652 385 1779 436 nihil
1811 402 1861 437 se
1894 385 1947 436 in
1980 387 2175 454 agendo

231 467 372 535 sequi
404 466 498 518 nisi
531 466 794 535 probabile
827 474 877 518 et
910 473 1163 535 quaerunt
1195 482 1501 534 magnopere
1535 465 1825 528 ueritatem,
1860 482 1975 517 cum
2008 467 2078 518 eis
2109 467 2177 519 sit

234 547 495 616 probabile
532 564 635 599 non
671 564 817 615 posse
854 547 1087 599 inueniri.
1130 565 1157 599 0
1195 547 1382 598 mirum
1417 546 1730 599 monstrum!
1769 547 1855 599 sed
1893 547 1990 599 hoc
2025 548 2176 600 omit-

173 648 193 682 5
228 638 424 691 tamus3
459 628 627 680 minus
658 629 707 679 id
745 629 809 680 ad
844 645 951 690 nos,
980 628 1148 679 minus
1182 629 1246 680 ad
1276 628 1414 680 uitae
1443 635 1647 680 nostrae
1679 627 1971 691 discrimen,
2004 628 2172 680 minus

228 711 290 762 ad
323 710 647 762 fortunarum
680 708 961 777 periculum
999 709 1239 778 pertinet.
1279 709 1403 760 illud
1443 716 1521 761 est
1559 709 1796 777 capitale,
1836 709 1959 760 illud
2000 709 2174 761 formi-

228 791 478 847 dolosum,
529 790 652 850 illud
699 790 894 858 optimo
939 791 1120 858 cuique
1162 791 1515 847 metuendum,
1561 791 1695 858 quod
1735 790 1878 841 nefas
1921 807 2086 852 omne,
2130 790 2171 842 si

229 872 353 924 haec
391 871 521 923 ratio
555 871 833 939 probabilis
856 871 952 923 erit
976 903 1040 908 ——
1073 888 1188 923 cum
1216 871 1480 939 probabile
1527 871 1767 939 cuiquam
1814 871 1982 923 uisum
2018 871 2171 924 fuerit

230 970 337 1005 esse
399 953 705 1014 faciendum,
760 958 969 1005 tantum
1012 952 1139 1004 nulli
1195 952 1341 1020 quasi
1403 968 1521 1004 uero
1581 952 1897 1005 assentiatur
1953 983 2019 988 ——
2069 969 2167 1005 non

146 1052 194 1087 10
230 1033 390 1085 solum
426 1034 532 1084 sine
564 1033 762 1085 sceleris
794 1035 879 1085 sed
913 1033 1072 1086 etiam
1103 1033 1210 1085 sine
1244 1033 1424 1085 erroris
1452 1033 1831 1101 uituperatione
1860 1033 2172 1086 committat.

230 1114 348 1182 quid
379 1114 533 1183 ergo?
563 1115 687 1166 haec
714 1114 783 1165 illi
812 1131 914 1166 non
941 1113 1220 1167 uiderunt?
1262 1114 1419 1166 immo
1456 1114 1802 1166 sollertissime
1839 1114 2176 1182 prudentissi-

232 1212 414 1264 meque
444 1196 701 1253 uiderunt,
729 1212 821 1247 nec
844 1195 968 1246 mihi
995 1195 1095 1247 ullo
1120 1202 1273 1263 pacto
1299 1202 1509 1248 tantum
1534 1195 1906 1264 adrogauerim‚
1945 1203 2002 1247 ut
2037 1195 2171 1248 Mar-

230 1294 343 1328 cum
370 1276 591 1327 Tullium
627 1276 799 1344 aliqua
844 1293 907 1328 ex
947 1283 1094 1344 parte
1141 1292 1325 1344 sequar
1366 1276 1620 1329 industria
1664 1276 1931 1345 uigilantia
1973 1276 2172 1346 ingenio

225 1357 484 1419 doctrina3
529 1357 608 1409 cui
650 1365 827 1410 tamen
867 1357 1115 1410 asserenti
1157 1356 1283 1408 nihil
1335 1357 1458 1409 scire
1502 1375 1648 1426 posse
1691 1357 1950 1410 hominem
1994 1357 2033 1409 si
2079 1358 2175 1410 hoc

142 1456 190 1491 15
226 1438 389 1490 solum
410 1438 687 1491 diceretur:
715 1439 831 1491 ‘scio
852 1438 927 1491 ita
949 1438 1110 1491 uideri
1131 1438 1291 1500 mihi‘,
1320 1439 1453 1491 unde
1476 1439 1523 1490 id
1551 1438 1798 1491 refelleret
1818 1455 1921 1491 non
1943 1438 2171 1491 haberet.

358 1535 514 1585 XVII
520 1577 528 1585 .
565 1536 642 1586 37.
682 1534 812 1595 Quid
836 1534 992 1602 igitur
1011 1534 1381 1603 placuittantis
1404 1534 1525 1586 uiris
1549 1534 1807 1602 perpetuis
1831 1541 1881 1586 et
1902 1534 2174 1602 pertinaci-

227 1616 319 1668 bus
370 1615 784 1667 contentionibus
824 1632 985 1684 agere,
1027 1632 1088 1667 ne
1126 1615 1178 1666 in
1218 1632 1530 1684 quemquam
1580 1617 1758 1668 cadere
1806 1616 1911 1668 ueri
1960 1616 2173 1667 scientia

230 1696 526 1749 uideretur?
570 1696 744 1749 audite
786 1696 889 1748 iam
932 1697 1084 1764 paulo
1128 1696 1380 1749 attentius
1423 1714 1526 1749 non
1570 1697 1690 1765 quid
1726 1696 1884 1749 sciam
1927 1698 2009 1749 sed
2047 1696 2167 1765 quid

229 1778 543 1834 existimem:
586 1778 682 1829 hoc
717 1777 851 1829 enim
887 1779 954 1829 ad
989 1777 1231 1830 ultimum
1266 1779 1609 1840 reseruabam,
1655 1785 1712 1830 ut
1743 1777 2083 1845 explicarem,
2132 1777 2172 1829 si

139 1877 188 1911 20
225 1875 442 1926 possem,
473 1858 619 1926 quale
645 1859 767 1910 mihi
805 1876 912 1911 esse
945 1859 1184 1910 uideatur
1214 1865 1386 1911 totum
1418 1859 1842 1911 Academicorum
1882 1859 2166 1911 consilium.

230 1939 394 2001 Plato,
429 1940 506 1990 uir
535 1939 947 2007 sapientissimus
981 1947 1031 1993 et
1070 1939 1447 1992 eruditissimus
1483 1947 1776 2008 temporum
1814 1957 2038 2002 suorum,
2086 1940 2172 2008 qui

228 2028 276 2072 et
326 2021 399 2072 ita
440 2021 639 2073 locutus
676 2028 769 2074 est.
825 2028 882 2073 ut
929 2037 1282 2089 quaecumque
1326 2021 1516 2074 diceret
1554 2038 1742 2090 magna
1782 2021 1979 2082 fierent,
2021 2028 2071 2073 et
2109 2039 2168 2073 ea

231 2101 430 2152 locutus
470 2107 564 2162 est,
599 2109 656 2153 ut
690 2103 1168 2170 quomodocumque
1199 2102 1406 2163 diceret,
1449 2119 1610 2170 parua
1634 2119 1737 2154 non
1760 2102 1959 2164 fierent,
1983 2102 2174 2154 dicitur

224 2190 340 2249 post
364 2190 582 2234 mortem
611 2183 834 2234 Socratis
869 2183 1105 2251 magistri
1140 2184 1232 2245 sui,
1273 2200 1423 2251 quem
1468 2184 1792 2253 singulariter
1836 2183 2101 2245 dilexerat,
2139 2201 2168 2235 a

138 2281 185 2316 25
224 2263 558 2331 Pythagoreis
621 2264 778 2315 etiam
834 2264 998 2316 multa
1050 2263 1304 2316 didicisse.
1361 2266 1682 2334 Pythagoras
1746 2272 1920 2316 autem
1975 2265 2168 2316 Graeca

224 2344 543 2411 philosophia
590 2361 691 2395 non
737 2352 1025 2405 contentuS,
1074 2362 1203 2412 quae
1247 2354 1373 2397 tunc
1417 2356 1507 2398 aut
1552 2363 1711 2413 paene
1745 2345 1882 2397 nulla
1923 2354 2029 2398 erat
2077 2354 2168 2398 aut

224 2433 356 2477 certe
410 2426 774 2482 occultissima,
839 2434 1117 2494 postquam
1170 2435 1457 2479 commotus
1525 2428 1847 2495 pherecydae
1902 2427 2167 2478 cuiusdam

232 2506 341 2572 Syri
381 2506 820 2573 disputationibus
870 2507 1212 2559 immortalem
1253 2525 1360 2560 esse
1400 2508 1626 2560 animum
1686 2508 1915 2569 credidit,
1982 2508 2169 2559 multos

223 2587 477 2654 sapientes
518 2587 674 2639 etiam
716 2587 860 2656 longe
903 2588 1106 2656 lateque
1138 2590 1488 2658 peregrinatus
1531 2590 1778 2641 audierat.
1816 2589 1970 2656 igitur
2018 2588 2164 2640 Plato

348 2847 395 2888 21
421 2847 472 2888 cf,
501 2848 693 2891 Retract.
722 2848 802 2897 11,
829 2850 876 2890 12

311 3008 333 3048 2
357 3021 398 3049 30
417 3022 480 3051 om
502 3010 552 3050 JI
668 3013 691 3051 ἱ),
716 3009 939 3063 probabile
961 3010 1014 3053 sit
1039 3013 1088 3053 Jl
1196 3012 1218 3052 4
1244 3014 1333 3066 post
1355 3012 1541 3055 inueniri
1563 3012 1682 3054 inser.
1708 3011 1826 3056 ,111112
1852 3012 1925 3055 sed
1948 3014 2089 3054 uisum
2112 3012 2169 3054 sit

222 3082 243 3122 7
268 3081 412 3138 omne]
434 3096 470 3122 0.
495 3082 695 3135 prohibet
717 3085 767 3126 M
837 3083 862 3125 s]
884 3097 973 3126 esse
993 3086 1128 3128 OQM
1190 3091 1335 3128 tamen
1354 3087 1403 3128 M
1477 3086 1521 3128 11
1550 3087 1628 3129 hoc
1647 3088 1695 3128 Δ11
1756 3085 2036 3128 solertissime
2058 3086 2163 3127 Pmi

225 3155 271 3195 12
296 3154 440 3211 pacto]
464 3156 590 3198 modo
616 3158 717 3199 Tml
787 3158 835 3199 13
857 3158 1001 3214 aliqua
1018 3158 1138 3202 Δ111112
1155 3160 1219 3201 s.l.
1300 3162 1349 3202 14
1373 3159 1425 3216 si]
1446 3160 1523 3215 qui
1547 3160 1760 3202 IImIJIP
1841 3160 1887 3201 15
1910 3159 2166 3201 diceretMa

229 3229 274 3267 18
296 3227 446 3282 sciam]
470 3242 593 3283 agam
618 3232 668 3273 M
791 3231 841 3274 20
865 3244 1035 3287 possum
1060 3235 1111 3275 M
1228 3231 1432 3276 uideatur
1452 3246 1541 3275 esse
1564 3233 1648 3275 edd.
1769 3235 1818 3276 25
1842 3231 2106 3288 pithagoreis
2131 3234 2165 3274 T

225 3302 503 3355 phytagoreis
523 3305 574 3346 JI
652 3304 917 3359 phytagoras
940 3307 991 3348 M
1068 3319 1190 3361 greca
1220 3307 1255 3348 P
1332 3308 1383 3349 243
1404 3321 1467 3362 pr.
1491 3311 1569 3350 aut
1590 3322 1653 3350 om
1674 3308 1794 3350 illml
1863 3307 1911 3347 27
1936 3304 2165 3360 pherecide

225 3375 364 3417 HMT
387 3376 611 3431 pheretide
630 3378 666 3418 P
725 3381 774 3421 26
797 3377 868 3420 siri
896 3380 930 3421 T
989 3381 1040 3421 29
1061 3378 1195 3422 etiam
1218 3381 1352 3424 must!
1413 3380 1615 3434 lataeque
1637 3381 1673 3421 P
1736 3381 2027 3436 peregrinatos
2044 3380 2162 3421 illm]
