2398 3724
192 156 256 210 16
823 169 855 210 Ι.
900 168 1119 213 Contra
1159 167 1546 211 Academicos

322 321 412 374 VI.
455 322 533 374 16.
574 320 776 374 Deinde
815 336 938 373 mox
976 326 1036 373 ut
1073 319 1266 372 inluxit
1303 350 1369 356 —
1405 320 1482 374 ita
1520 322 1659 376 enim
1697 338 1776 376 res
1816 329 1964 376 erant
2002 325 2168 393 pridie

189 404 525 467 constitutae,
549 409 610 456 ut
634 402 836 472 largum
859 408 995 455 esset
1019 402 1187 455 otium
1210 432 1276 437 —-
1316 402 1499 456 statim
1522 406 1877 474 peragendum
1899 407 2168 475 negotium

188 492 490 555 susceptum
512 491 607 539 est.
648 489 764 538 tum
799 502 915 555 ego:
948 484 1074 537 Heri
1094 484 1420 553 postulastis,
1442 485 1678 556 inquam,
1701 487 1929 557 Trygeti‚
1952 493 2012 541 ut
2035 505 2066 542 a
2091 489 2168 542 iu-

186 568 316 621 dicis
354 583 567 621 munere
607 568 672 620 ad
714 566 1001 637 sapientiae
1039 565 1392 636 patrocinium
1430 568 1813 633 descenderem,
1857 570 2007 639 quasi
2044 587 2166 625 uero

190 667 509 719 quemquam
538 650 592 702 in
623 665 857 703 sermone
887 655 1063 702 uestro
1098 648 1457 705 aduersarium
1487 650 1746 719 sapientia
1774 658 2046 720 pateretur
2076 658 2168 707 aut

184 733 287 786 ullo
315 733 628 787 defendente
654 731 732 786 ita
757 731 1034 793 laboraret,
1064 736 1125 784 ut
1151 729 1321 783 maius
1348 731 1623 800 implorare
1650 732 1865 787 deberet
1892 733 2161 788 auxilium.

188 831 311 868 nam
344 832 512 885 neque
544 815 681 867 inter
712 831 807 867 uos
842 813 981 868 aliud
1019 816 1374 882 quaerendum
1407 820 1593 867 natum
1627 821 1709 868 est
1744 832 1903 885 quarn
1937 817 2061 886 quid
2097 817 2166 870 sit

187 897 446 966 sapientia
478 928 545 934 —
579 896 635 949 in
673 912 773 965 quo
812 912 927 950 eam
962 901 1199 949 uestrum
1235 901 1421 951 neuter
1457 903 1747 967 oppugnat,
1789 898 1912 966 quia
1946 904 2166 968 uterque

186 980 452 1034 desiderat
487 1009 555 1016 —-
584 995 751 1048 neque
780 978 822 1031 si
850 984 911 1031 tu
936 978 992 1030 in
1018 977 1320 1032 definienda
1347 979 1605 1048 sapientia
1630 979 1881 1033 defecisse
1909 986 1961 1033 te
1989 987 2164 1050 putaS‚

187 1069 464 1132 propterea
484 1061 684 1130 reliqua
704 1060 936 1114 defensio
961 1061 1249 1114 sententiae
1272 1067 1395 1115 tuae
1417 1060 1516 1114 tibi
1538 1063 1825 1115 deserenda
1847 1068 1942 1116 est.
1985 1063 2164 1133 itaque

189 1161 219 1197 a
238 1162 320 1198 me
341 1144 470 1196 nihil
491 1143 628 1196 aliud
651 1142 869 1196 habebis
894 1159 1051 1212 quam
1071 1143 1434 1197 definitionem
1456 1143 1757 1212 sapientiae,
1784 1161 1914 1213 quae
1935 1161 2030 1199 nec
2048 1162 2167 1199 mea

187 1243 282 1280 nec
306 1243 446 1279 noua
470 1232 565 1289 est,
593 1227 681 1278 sed
709 1231 760 1278 et
785 1224 1074 1295 priscorum
1099 1226 1371 1279 hominum
1397 1231 1449 1278 et
1477 1242 1634 1295 quarn
1659 1243 1752 1280 uos
1778 1226 1936 1279 miror
1960 1244 2065 1280 non
2089 1243 2166 1281 re-

189 1309 404 1362 cordari.
475 1325 580 1361 non
631 1307 768 1361 enim
818 1323 958 1359 nunc
1007 1307 1174 1377 primo
1227 1307 1421 1361 auditis
1472 1325 1493 1360 s
1517 1325 1548 1360 a
1568 1325 1601 1377 p
1624 1307 1639 1359 i
1662 1325 1687 1360 e
1709 1325 1744 1359 n
1764 1313 1788 1361 t
1809 1307 1824 1359 i
1848 1324 1878 1360 a
1898 1325 1951 1360 m
2002 1326 2027 1361 e
2049 1326 2071 1361 s
2094 1326 2115 1361 s
2138 1326 2164 1361 e

186 1408 431 1444 rerum
477 1391 973 1443 humanarum
1046 1389 1651 1458 diuinarumque
1724 1389 2162 1447 scientiam.

321 1489 399 1541 17.
431 1487 531 1540 Hic
557 1486 839 1550 LicentiuS,
871 1503 1024 1556 quem
1051 1493 1172 1556 post
1214 1487 1374 1540 istam
1401 1486 1763 1542 definitionem
1790 1487 1879 1539 diu
1907 1487 2164 1557 putabam

188 1570 545 1642 quaesiturum
567 1585 675 1623 esse
700 1569 839 1639 quod
861 1568 1076 1635 diceret,
1104 1569 1324 1623 subiecit
1346 1568 1552 1622 statim:
1578 1569 1679 1622 Cur
1701 1586 1820 1640 ergo
1843 1586 1948 1622 non
1973 1587 2163 1640 quaeso

187 1653 477 1723 sapientem
499 1668 747 1706 uocamus
771 1651 1240 1722 flagitiosissimum
1253 1651 1400 1706 illum
1421 1651 1702 1715 hominem,
1727 1668 1881 1721 quem
1911 1651 2010 1721 ipsi
2033 1652 2163 1706 bene

186 1735 428 1789 nouimus
453 1752 545 1804 per
569 1735 844 1788 innumera
870 1740 1043 1788 scorta
1068 1733 1231 1788 solere
1257 1733 1486 1798 dissolui,
1516 1733 1831 1786 Albicerium
1859 1733 1972 1786 dico
1998 1733 2161 1799 illum,

188 1818 276 1888 qui
308 1818 449 1888 apud
483 1814 867 1887 Karthaginem
898 1816 1091 1870 multos
1124 1832 1287 1870 annos
1319 1815 1708 1869 consulentibus
1740 1815 1872 1868 mira
1905 1817 2165 1885 quaedam

187 1906 239 1954 et
259 1906 401 1954 certa
417 1899 725 1969 respondit?
746 1898 1148 1953 innumerabilia
1165 1915 1570 1952 commemorare
1590 1914 1810 1967 possem,
1831 1897 1930 1950 nisi
1950 1903 2002 1951 et
2022 1900 2161 1968 apud

188 2000 272 2036 eos
290 1983 541 2053 loquerer,
564 1981 652 2053 qui
670 1980 873 2050 experti
891 1986 1029 2046 sunt,
1050 1986 1103 2034 et
1120 1981 1298 2050 paucis
1317 1997 1455 2034 nunc
1474 1979 1601 2033 satis
1621 1979 1688 2032 sit
1708 1981 1774 2033 ad
1791 1979 1846 2033 id
1867 1981 2005 2049 quod
2023 1980 2158 2036 uolo,

186 2082 356 2118 nonne
377 2064 723 2118 cochlearium
742 2095 808 2099 —
826 2063 954 2117 mihi
973 2069 1153 2117 autem
1172 2062 1382 2116 dicebat
1400 2094 1465 2099 —
1485 2079 1603 2115 cum
1623 2061 1765 2114 domi
1784 2078 1888 2114 non
1907 2061 2162 2116 inuenire-

187 2152 288 2211 tur,
312 2152 404 2200 tuo
426 2147 567 2200 iussu
589 2150 925 2215 percontatus
952 2162 1058 2198 non
1082 2145 1250 2198 solum
1279 2145 1404 2214 quid
1433 2148 1766 2213 quaereretur
1792 2160 1974 2196 uerum
2002 2143 2163 2197 etiam

186 2229 513 2291 nominatim,
544 2228 687 2282 cuius
713 2243 793 2281 res
822 2232 956 2280 esset
990 2233 1042 2281 et
1068 2226 1158 2280 ubi
1184 2226 1388 2291 lateret,
1418 2225 1664 2279 citissime
1691 2224 2060 2295 uerissimeque
2086 2243 2163 2280 re-

188 2310 436 2380 spondit?
461 2310 589 2364 item
610 2327 693 2364 me
709 2314 981 2380 praesente
996 2340 1062 2346 —-
1076 2308 1263 2363 omitto
1286 2308 1431 2374 illud,
1458 2309 1597 2378 quod
1620 2307 1673 2360 in
1697 2324 1754 2360 eo
1782 2309 1921 2377 quod
1944 2308 2161 2377 rogaba-

189 2399 275 2446 tur
299 2392 428 2447 nihil
453 2393 662 2447 omnino
689 2392 850 2446 falsus
873 2397 966 2457 est,
995 2393 1085 2445 sed
1109 2408 1227 2444 cum
1252 2407 1395 2461 puer,
1426 2390 1514 2460 qui
1539 2406 1779 2443 nummos
1807 2389 2024 2453 ferebat,
2054 2406 2160 2442 cer-

189 2481 301 2528 tam
332 2492 510 2530 eorum
539 2480 762 2545 partem,
794 2491 913 2528 cum
945 2475 1011 2528 ad
1041 2491 1160 2528 eum
1189 2487 1534 2543 pergeremUS,
1567 2472 1770 2524 furatus
1801 2476 1952 2535 esset,
1985 2486 2161 2524 omnes

189 2557 284 2610 sibi
310 2556 572 2611 numerari
597 2556 748 2610 iussit
774 2556 1045 2626 coegitque
1071 2555 1218 2608 illum
1246 2560 1369 2607 ante
1397 2553 1568 2607 oculos
1595 2557 1798 2606 nostros
1827 2568 1956 2623 quos
1985 2552 2162 2606 abstu-

319 2777 370 2820 13
391 2775 477 2820 Cic.
503 2776 555 2820 de
577 2774 652 2820 off.
681 2775 727 2819 II
746 2775 784 2819 5.
810 2774 934 2819 Tusc.
959 2775 1019 2819 IV
1039 2773 1091 2818 57

317 2911 337 2952 1
364 2922 468 2953 mox
486 2913 539 2954 ut
562 2910 599 2953 T
620 2910 690 2966 (cf.
712 2910 760 2953 de
781 2909 866 2953 ord.
889 2908 942 2952 ll
957 2907 1073 2965 9‚26)
1095 2921 1201 2951 mox
1222 2907 1368 2951 HMP
1391 2907 1458 2963 (σί.
1475 2899 1657 2958 Ιίὅηεσὴ,
1681 2905 1736 2949 It.
1758 2904 1943 2961 u.Vu19.
1962 2898 1978 2922 ²
1998 2917 2040 2959 p.
2055 2901 2157 2959 400)

191 2984 359 3042 pridi*e
382 2984 425 3040 (a
446 2991 553 3041 ras.)
576 2984 615 3028 P
739 2985 763 3027 2
784 2985 929 3027 ocium
952 2987 1066 3028 esset
1090 2982 1196 3026 Tml
1328 2983 1354 3026 3
1376 2981 1618 3040 postulasti
1642 2978 1771 3023 Tedd,
1878 2979 2023 3036 tygeti
2047 2976 2155 3022 Tm]

188 3059 213 3101 5
238 3072 520 3104 ***sermone
544 3058 581 3101 T
724 3059 749 3102 6
771 3056 879 3115 ullo]
898 3059 944 3102 te
963 3071 1061 3103 eam
1088 3058 1153 3102 Ta
1303 3056 1328 3100 9
1348 3069 1489 3115 neque
1514 3055 1573 3098 sit
1595 3057 1691 3112 (om.
1713 3054 1784 3111 tu)
1806 3054 1846 3098 P
1865 3067 2009 3110 neque
2030 3053 2091 3098 sit
2112 3053 2156 3095 H

190 3147 331 3191 neque
353 3133 417 3179 sic
437 3133 491 3177 M
627 3133 679 3177 10
700 3132 944 3191 sapientiae
965 3133 1019 3176 M
1153 3132 1199 3176 11
1224 3144 1323 3176 ame
1345 3133 1384 3188 (e
1405 3144 1435 3173 s.
1452 3128 1542 3187 mZ)
1564 3130 1604 3173 P
1728 3129 1781 3173 12
1803 3128 1936 3172 mirer
1955 3129 2000 3172 H
2007 3126 2158 3172 Pm2m

191 3209 242 3253 13
274 3222 390 3253 nunc
422 3207 614 3264 primum
635 3223 676 3253 m
710 3212 816 3252 tunc
849 3207 991 3264 primo
1011 3222 1038 3251 a
1187 3205 1244 3250 16.
1270 3205 1378 3263 quid
1397 3207 1451 3250 M
1457 3204 1524 3248 Ta
1676 3203 1729 3248 19
1759 3203 2039 3260 kartaginem
2060 3200 2155 3243 MT

190 3280 240 3325 21
265 3281 327 3338 et]
348 3287 395 3327 at
416 3283 503 3326 edd.
609 3281 667 3326 ad
685 3281 749 3339 id]
770 3281 839 3325 uti
859 3281 991 3326 ad*id
1010 3283 1057 3338 (h
1078 3281 1182 3336 ras.)
1207 3280 1244 3322 T
1348 3280 1400 3325 22
1421 3271 1690 3333 cochlearius
1714 3278 1753 3321 P
1844 3280 1997 3321 autem
2019 3275 2157 3321 oin-M

189 3358 241 3401 24
260 3357 484 3401 uerissime
507 3359 610 3415 (que
630 3357 726 3400 add.
742 3355 832 3409 m2)
849 3356 903 3399 M
996 3357 1047 3399 25
1069 3345 1295 3412 pressente
1319 3355 1357 3398 P
1463 3355 1512 3399 27
1536 3353 1678 3397 omnis
1699 3353 1752 3395 M
1850 3351 1902 3394 28
1925 3351 2099 3395 occulos
2119 3348 2156 3390 T

185 3432 306 3490 quod
326 3432 422 3474 MT

2202 1082 2253 1120 1⁰

2203 1506 2250 1544 15

2197 1916 2250 1954 20

2195 2326 2246 2363 25
