2398 3724
234 148 332 201 206

237 316 360 372 gulae
393 314 570 359 stimulo
602 314 848 357 concitatus
880 315 976 365 170,
1010 314 1075 356 15.

237 398 414 447 gustum
447 389 621 432 mittere
654 389 694 440 6,
725 391 764 431 4.

237 539 409 582 Habere
442 538 585 581 absol..·
604 538 711 581 bene
729 537 863 581 habet
879 538 950 588 54,
968 539 1006 580 7.
1031 538 1176 588 106‚4.

293 628 325 655 c.
368 616 479 668 part.
534 612 739 668 perfecti:
791 612 992 668 ignotum
1046 612 1178 655 habe-

292 688 346 731 tis
363 690 429 739 71,
445 689 483 731 9.
508 687 668 730 habere
692 686 920 730 inuentam
943 687 1177 731 ueritatem

292 765 387 813 101,
415 764 480 807 13.

234 838 432 880 habitare
463 837 490 879 i.
516 851 553 891 q.
580 837 755 879 habere:
783 841 833 880 ut
860 851 950 880 sese
978 836 1177 879 habitare

290 912 648 955 consuefacerent
684 911 880 955 animum
921 911 1016 962 125,
1052 911 1092 953 5.

233 987 412 1030 habitus
433 988 550 1042 (opp.
571 986 848 1043 flagrantia):
869 987 939 1037 48,
960 987 998 1028 7.
1021 987 1088 1030 23.
1110 984 1176 1029 25.

291 1063 357 1104 27.

233 1136 425 1179 haurire:
457 1135 779 1193 philosophiam
808 1135 1033 1179 ardentius
1052 1135 1175 1186 36,4.

288 1210 395 1253 nihil
426 1211 588 1253 artium
622 1211 690 1262 95,
723 1211 789 1254 16.

233 1286 389 1329 hucine
424 1285 532 1328 mihi
559 1285 780 1329 silentium
807 1285 1050 1342 parabatur
1081 1285 1175 1335 151,
1221 1326 1223 1343 Ι

290 1362 355 1404 13.

234 1509 454 1552 lactantia
486 1508 663 1566 puerilis
696 1509 856 1566 ingenii
891 1511 930 1560 9,
965 1510 1030 1552 12.

232 1584 541 1627 iactanticulus
573 1584 859 1627 Academicus
890 1584 959 1635 58,
992 1585 1058 1627 20.

230 1659 489 1702 iactationes
539 1659 686 1702 uariae
739 1659 960 1715 duraeque
1012 1659 1052 1709 5,
1107 1660 1172 1701 14.

288 1733 405 1777 uitae
437 1733 566 1777 huius
599 1735 666 1785 23,
700 1735 765 1776 17.

229 1808 409 1852 idoneus
428 1822 460 1850 c.
484 1808 708 1862 ae'nji'm'tt'uo
725 1824 738 1851 .·
759 1808 785 1851 i.
806 1807 971 1865 aliquid
991 1807 1173 1851 definire

288 1885 354 1934 11,
387 1885 453 1926 24.

228 1957 360 2013 igitur
392 1961 484 2012 post
515 1961 712 2012 quartum
743 1958 915 2000 uerbum
947 1956 1174 1999 sententiae

283 2032 450 2086 posita:
479 2032 569 2075 sine
598 2033 677 2075 (leo
706 2036 787 2083 est,
816 2032 1013 2089 inquam,
1041 2032 1173 2088 igitur

284 2109 378 2158 147,
404 2109 422 2150 1
449 2107 521 2162 (cs.
546 2121 588 2161 p.
614 2106 682 2158 52,
707 2106 760 2150 27
778 2123 791 2150 .·
821 2107 950 2158 ratio,
974 2107 1171 2163 inquam,

283 2182 413 2238 igitur
452 2182 504 2232 P,
535 2182 643 2236 quod
674 2182 848 2224 retinere
880 2182 1036 2236 debui).

228 2256 444 2311 ignoratio
477 2256 567 2299 ueri
598 2257 667 2307 40,
699 2257 738 2300 6.

226 2330 297 2373 illa
326 2357 379 2361 —
405 2330 478 2373 illa
504 2345 579 2386 pro
607 2330 680 2373 illa
707 2357 760 2362 —
786 2332 891 2374 haec
922 2332 1016 2382 181,
1046 2332 1111 2374 18.

226 2404 323 2447 illuc
351 2407 445 2457 161,
471 2406 522 2448 12
546 2405 618 2461 (ej.
648 2406 742 2448 Ter.
767 2406 880 2448 Eun.
906 2405 989 2448 833
1011 2406 1166 2461 saepe).

225 2480 389 2536 imago:
411 2479 455 2522 in
481 2480 714 2536 imaginem
738 2480 938 2523 ueritatis
962 2480 1166 2523 inducere

280 2554 348 2605 55,
370 2556 435 2598 10.
470 2575 511 2589 :2
545 2555 701 2609 species
719 2570 735 2609 ;
761 2569 859 2610 opp.
888 2554 1165 2612 exemplum:

279 2629 467 2684 imagine
489 2630 761 2673 constantiae
781 2619 991 2686 deceptus
1015 2630 1163 2680 77,17.

225 2702 431 2746 imbibere
464 2703 658 2746 ordinem
691 2718 835 2747 rerum
869 2706 964 2755 127,
998 2705 1062 2747 18.

224 2778 586 2820 immanissimum
618 2778 771 2821 erroris
802 2793 936 2835 genus
970 2781 1037 2829 13,
1068 2778 1107 2821 5.

224 2852 443 2894 immorari
477 2852 520 2894 in
552 2866 746 2896 sermone
779 2854 847 2903 22,
879 2854 945 2896 22.
968 2853 1011 2895 in
1033 2867 1163 2909 quae-

278 2927 417 2969 stione
453 2928 521 2978 41,
558 2927 623 2969 25.
660 2927 686 2968 i.
723 2927 955 2983 superfluis
991 2929 1058 2978 92,
1096 2929 1161 2970 13.

222 3001 477 3057 imperiosus
509 3003 578 3052 31,
612 3003 650 3044 4.

221 3075 474 3132 improprie:
514 3075 630 3118 filius
666 3089 753 3118 non
794 3076 819 3118 i.
858 3076 964 3119 deus
1003 3075 1163 3118 dicitur

280 3151 374 3201 140,
407 3151 472 3193 27.

221 3224 446 3280 impulsus,
472 3237 541 3267 us:
568 3224 612 3266 in
638 3224 664 3266 i.
692 3224 859 3267 inruere
885 3226 954 3275 42,
982 3226 1046 3267 18.

220 3299 283 3341 in:
304 3298 345 3340 in
364 3307 558 3355 tempore
576 3300 645 3350 30,
663 3300 700 3341 7.
720 3298 764 3340 in
781 3299 969 3341 amicum
989 3313 1159 3354 surgere

275 3380 408 3429 atque
428 3374 707 3429 grandescere
730 3374 824 3424 132,
845 3374 910 3416 12.
932 3373 1159 3416 incendere

276 3447 318 3489 in
354 3447 500 3490 studia
535 3448 602 3498 23,
636 3448 675 3490 5.

757 151 839 192 III.
884 149 1021 193 Index
1061 150 1295 193 uerborum
1337 153 1381 193 et
1421 149 1710 193 locutionum.

1269 313 1516 357 incendium
1552 313 1726 357 transl.:
1759 313 2006 358 incredibile
2043 316 2109 365 26,
2145 316 2212 359 25.

1326 388 1355 431 z‘.
1379 402 1416 442 q.
1441 387 1599 431 libido:
1635 388 1836 431 incendia
1866 394 2084 433 uenenata
2118 392 2213 442 137,

1328 464 1393 506 18.

1271 537 1454 581 incolere
1487 542 1657 580 mentes
1687 539 1756 588 33,
1791 539 1856 581 19.

1272 612 1453 655 incomti
1485 626 1653 669 ungues
1684 612 1752 663 57,
1785 614 1850 656 20.

1272 686 1531 730 inconcussa
1560 686 1779 729 habitatio
1814 689 1907 730 127.
1942 688 2005 731 15.

1272 761 1477 805 incubare
1507 761 1702 805 defossae
1730 762 1980 818 (pecuniae)
2021 762 2114 814 156,
2145 763 2209 806 25.

1272 835 1487 879 inculcare
1519 836 1698 879 auribus
1729 850 1880 879 uersus
1910 836 1979 887 50,
2012 838 2077 880 22.

1272 910 1514 967 inculpare:
1575 911 1695 954 mitis
1754 914 1888 967 atque
1949 911 2214 968 inculpanda

1328 986 1583 1041 conquestio
1619 987 1713 1036 122,
1745 986 1784 1028 5.

1271 1060 1521 1103 incumbere
1551 1082 1592 1094 z
1621 1060 1735 1103 finti:
1760 1060 2139 1104 uehementissime
2165 1065 2215 1104 ut

1326 1135 1637 1178 conuincerent
1669 1135 1964 1178 incubuerunt
1997 1137 2065 1186 31,
2099 1137 2168 1179 27.

1270 1209 1482 1253 incuriose
1515 1211 1581 1253 uti
1612 1210 1757 1253 uerbis
1790 1212 1886 1261 112,
1920 1211 1985 1253 19.

1270 1285 1369 1328 inde
1402 1285 1468 1341 (z
1494 1284 1605 1340 ideo)
1637 1286 1704 1336 13,
1737 1286 1802 1328 13.

1269 1359 1401 1402 index
1427 1359 1657 1403 uniuersae
1685 1359 1886 1403 ueritatis
1915 1360 2010 1409 177,
2037 1360 2076 1401 6.

1268 1433 1533 1477 indicatiuus
1570 1434 1619 1476 in
1656 1433 1998 1495 interroyatsionff
2016 1434 2214 1489 obliqua:

1325 1509 1458 1551 miror
1497 1509 1718 1565 quomodo
1759 1508 1914 1558 asseris
1954 1509 2020 1559 21,
2060 1511 2099 1551 4.
2139 1509 2215 1552 ad-

1326 1583 1513 1635 tendite,
1551 1587 1721 1640 quanta
1758 1597 1861 1626 cura
1898 1583 2032 1626 uerba
2069 1587 2215 1626 creata

1326 1663 1432 1701 sunt
1464 1660 1559 1710 111,
1592 1658 1660 1701 25.
2019 1643 2043 1652 d

1269 1732 1474 1789 indiguus
1506 1734 1575 1784 98,
1608 1734 1674 1776 12.
1708 1733 1804 1783 179,
1835 1733 1875 1775 8.

1268 1807 1576 1850 indubitanter
1607 1810 1649 1858 4,
1682 1809 1748 1851 20.

1219 1866 1221 1881 ¹
1268 1881 1492 1925 inducere:
1538 1881 1720 1925 inducto
1763 1882 1954 1938 quodam
1999 1880 2214 1938 probabili

1322 1958 1391 2007 32,
1430 1957 1470 2000 8.
1516 1978 1556 1991 z
1601 1956 1797 2000 allicere:
1836 1956 2071 1999 inducendi
2110 1959 2215 1999 sunt

1323 2031 1563 2088 sapientiae
1598 2032 1773 2075 nomine
1808 2032 1878 2082 60,
1915 2032 1980 2074 16.

1217 2117 1218 2126 ’
1266 2105 1560 2149 inductorius:
1605 2106 1912 2149 suauissimum
1956 2112 2016 2155 et,
2060 2110 2107 2148 ut
2150 2105 2212 2148 ita

1322 2180 1482 2231 dicam,
1520 2181 1818 2223 inductorium
1857 2180 1896 2230 6,
1934 2181 1973 2222 5.

1264 2254 1461 2299 induere:
1480 2255 1621 2312 fulgor
1636 2255 1835 2298 fenestris
1850 2255 2049 2297 induitur
2065 2256 2158 2305 134,
2170 2255 2208 2298 9.

1263 2330 1520 2374 ineffabilis:
1540 2330 1755 2373 ineffabili
1773 2334 1817 2373 et
1835 2329 2100 2386 sempiterna
2118 2329 2208 2384 lege

1318 2404 1542 2461 dispositis
1567 2404 1672 2448 locis
1698 2404 1794 2455 154,
1820 2404 1886 2447 18.
1914 2404 1939 2446 i.
1966 2403 2208 2446 maiestatis

1319 2479 1620 2535 intellegentia
1652 2480 1748 2530 163,
1780 2480 1846 2522 20.

1260 2554 1524 2610 inexpiabile
1557 2554 1681 2597 nefas
1713 2555 1810 2605 179,
1843 2555 1909 2596 22.

1259 2628 1500 2671 infamatus
1566 2628 1864 2671 calumniandi
1929 2626 2206 2684 impudentia

1314 2704 1382 2753 77,
1414 2703 1482 2746 25.

1259 2777 1449 2820 infantia
1480 2777 1794 2834 grammaticae
1828 2778 1923 2827 172,
1955 2777 2023 2819 27.

1258 2852 1413 2896 inferre
1451 2873 1491 2886 Ξ
1529 2852 1695 2894 dicere:
1729 2851 1818 2908 ipse
1849 2850 2001 2893 intulit
2034 2851 2104 2900 21,
2137 2850 2203 2892 17.

1255 2926 1512 2980 infinitiuus
1572 2925 1773 2981 perfecti:
1833 2925 1939 2968 satis
1998 2930 2063 2967 est
2122 2924 2202 2966 hoc

1311 3001 1471 3044 dixisse
1525 3001 1621 3051 168,
1670 3002 1737 3043 24.
1809 2999 2066 3054 1ι’νιίῑηιῗίίιιαε
2126 3012 2203 3052 pro

1311 3080 1387 3118 ut:
1441 3074 1777 3118 deambulatum
1827 3074 1883 3117 ire
1934 3072 2201 3116 surreximus

1314 3151 1381 3200 12,
1414 3151 1455 3193 3.
1511 3150 1793 3193 uehementer
1837 3149 2095 3204 persuadere
2139 3146 2200 3188 in·

1312 3223 1527 3266 cubuistis
1566 3224 1637 3274 64,
1684 3225 1751 3267 23.
1806 3221 2061 3277 infindimus
2125 3234 2201 3275 pro

1312 3298 1614 3341 substantiuo:
1690 3311 1814 3340 nosse
1898 3296 2094 3339 tunicam
2155 3299 2200 3337 et

1317 3386 1443 3415 nosse
1475 3372 1659 3428 pallium
1704 3385 1790 3414 non
1835 3385 1925 3414 esse
1971 3383 2069 3413 cum
2117 3369 2197 3411 deo

1313 3448 1409 3497 147,
1463 3448 1533 3490 30.
1614 3446 1755 3502 ipsum
1813 3445 1970 3488 sentire
2025 3444 2058 3486 si
2109 3456 2196 3486 non
