2398 3724
203 211 294 264 102
862 221 1061 265 11.De
1111 220 1321 267 beata
1374 222 1521 266 uita

198 377 535 428 inuitatorem
592 375 845 427 sustinere
897 374 1137 438 docuisti,
1210 375 1496 427 commouit
1547 392 1628 427 me
1679 375 1769 428 illa
1818 375 2167 445 inaequalitas

198 474 404 510 mensae
435 463 643 510 nostrae
682 463 734 509 et
771 457 1138 525 discrepantia.
1178 457 1335 509 adrisi
1362 457 1536 510 matri.
1576 462 1734 526 atque
1767 457 1855 509 illa
1891 457 2166 521 liberrime,

198 540 335 608 quod
356 540 527 591 minus
552 537 838 602 habebant,
868 539 1017 608 quasi
1052 539 1115 591 de
1151 555 1242 591 suo
1276 538 1483 591 cellario
1507 540 1851 607 promendum
1879 541 2165 608 imperans:

199 624 310 676 Iam
339 622 418 673 dic
448 620 614 684 nobiS,
649 621 839 690 inquit,
866 626 918 672 et
952 621 1127 684 redde,
1157 621 1245 688 qui
1281 620 1386 673 sint
1409 621 1496 672 isti
1521 620 1819 673 Academici
1843 625 1894 672 et
1920 622 2044 689 quid
2071 622 2163 673 sibi

196 703 374 755 uelint.
400 735 464 740 —
502 703 593 758 Cui
637 702 864 754 breuiter
905 719 1023 755 cum
1067 702 1417 770 exposuissem
1449 708 1729 771 aperteque
1771 703 1863 766 ita,
1915 708 1974 754 ut
2015 720 2166 755 nemo
2201 722 2223 758 5

197 784 397 836 illorum
430 785 641 854 ignarus
674 784 998 836 abscederet:
1033 784 1128 836 Isti
1157 784 1409 847 homines,
1440 784 1629 853 inquit,
1660 785 1923 837 caducarii
1953 790 2075 836 sunt
2105 814 2170 818 —

197 884 298 935 quo
348 867 555 919 nomine
605 865 762 936 uulgo
812 867 950 935 apud
1001 882 1094 918 nos
1138 871 1411 929 uocantur,
1456 883 1584 936 quos
1627 865 1903 919 comitialis
1955 866 2166 919 morbus

197 948 457 1001 subuertit
490 978 554 981 —
584 953 636 1001 et
671 947 825 1000 simul
863 948 1104 1011 surrexit,
1143 952 1203 999 ut
1239 947 1422 1001 abiret.
1460 954 1619 1017 atque
1640 947 1723 1000 hic
1750 965 1926 1001 omnes
1949 948 2073 1001 laeti
2109 966 2165 1001 ac

195 1031 422 1083 ridentes
455 1030 768 1098 interposito
802 1029 908 1082 fine
943 1030 1288 1083 discessimus,

330 1134 428 1188 ΠΙ.
474 1136 550 1188 17.
597 1134 852 1187 Postridie
895 1138 1091 1197 autem,
1135 1150 1253 1185 cum
1295 1134 1421 1186 item
1466 1139 1584 1202 post
1626 1133 1905 1202 prandium
1948 1135 2036 1186 sed
2079 1134 2168 1186 ali—

196 1222 394 1285 quanto
437 1233 595 1285 quam
625 1216 789 1284 pridie
830 1216 988 1268 serius
1017 1215 1155 1267 idem
1184 1215 1480 1284 ibidemque
1509 1216 1939 1268 consedissemus:
1983 1216 2165 1279 Tarde,

194 1298 661 1367 inquam,uenistis
693 1299 757 1350 ad
790 1297 1117 1361 conuiuium;
1150 1298 1288 1366 quod
1321 1297 1469 1350 uobis
1500 1314 1603 1350 non
1633 1298 1892 1350 cruditate
1924 1298 2167 1350 accidisse

194 1379 436 1443 arbitror,
462 1381 548 1433 sed
574 1380 857 1448 paucitatis
881 1379 1191 1432 ferculorum
1217 1379 1511 1443 securitate,
1538 1380 1675 1447 quod
1702 1396 1805 1432 non
1827 1384 1939 1431 tam
1963 1384 2166 1431 mature

195 1462 603 1532 adgrediendum
627 1462 796 1514 uisum
819 1466 914 1525 est,
939 1462 1077 1530 quod
1099 1462 1204 1513 cito
1225 1478 1318 1513 uos
1338 1478 1606 1530 peresuros
1628 1461 1873 1529 putastis,
1914 1478 2017 1513 non
2038 1460 2168 1513 mul-

194 1550 306 1596 tum
352 1544 489 1596 enim
532 1543 869 1612 reliquiarum
913 1544 1229 1596 credendum
1274 1549 1387 1595 erat
1428 1544 1752 1607 remansisse,
1798 1542 1887 1594 ubi
1931 1544 2012 1595 die
2056 1544 2166 1612 ipso

194 1633 352 1694 atque
379 1625 730 1678 sollemnitate
762 1626 1006 1695 exiguum
1031 1631 1295 1694 repertum
1328 1630 1454 1677 erat.
1490 1624 1708 1677 fortasse
1739 1630 1892 1677 recte.
1927 1626 2015 1677 sed
2043 1625 2165 1693 quid

197 1708 341 1761 uobis
368 1713 740 1776 praeparatum
769 1708 853 1770 sit,
881 1725 974 1777 ego
1003 1723 1209 1775 quoque
1236 1707 1505 1759 uobiscum
1533 1707 1718 1760 nescio
1749 1706 1878 1759 alius
1906 1712 1983 1758 est
2010 1707 2166 1769 enim,

195 1790 281 1858 qui
309 1790 549 1842 omnibus
572 1807 690 1841 cum
717 1806 894 1842 omnes
918 1795 1032 1841 tum
1057 1789 1284 1841 maxime
1308 1788 1440 1841 tales
1464 1788 1642 1857 epulas
1667 1788 1912 1857 praebere
1937 1805 2039 1840 non
2063 1805 2167 1841 ces—

193 1877 289 1934 sat,
325 1872 411 1923 sed
452 1888 544 1924 nos
583 1871 649 1924 ab
687 1872 886 1924 edendo
917 1870 1000 1923 uel
1030 1870 1371 1923 inbecillitate
1408 1870 1489 1922 uel
1526 1871 1804 1922 saturitate
1839 1870 1923 1923 uel
1958 1870 2166 1939 negotio

196 1953 495 2022 plerumque
517 1971 801 2017 cessamus3
820 1970 974 2021 quem
989 1958 1291 2005 manentem
1307 1953 1359 2004 in
1380 1952 1678 2004 hominibus
1694 1952 1874 2004 beatos
1897 1969 1982 2004 eos
1998 1951 2165 2004 facere

193 2036 327 2087 inter
360 2052 452 2087 nos
484 2036 610 2099 heri,
644 2036 742 2088 nisi
774 2035 940 2098 fallor,
974 2035 1055 2103 pie
1087 2040 1494 2103 constanterque
1526 2039 1858 2087 conuenerat.
1894 2051 2016 2086 nam
2048 2051 2165 2086 cum

191 2118 326 2169 ratio
358 2118 772 2170 demonstrasset
802 2134 919 2168 eum
951 2116 1165 2169 beatum
1199 2134 1322 2179 esse,
1356 2116 1444 2184 qui
1475 2117 1628 2168 deum
1660 2116 1892 2178 haberet,
1926 2133 2017 2168 nec
2047 2116 2164 2167 huic

195 2200 470 2267 quisquam
504 2206 736 2251 uestrum
770 2199 1060 2250 sententiae
1090 2199 1384 2261 restitisset,
1412 2198 1704 2266 quaesitum
1733 2203 1826 2260 est,
1862 2198 1983 2266 quid
2019 2197 2165 2249 uobis

195 2281 456 2333 uideretur
505 2282 658 2333 deum
698 2280 905 2333 habere.
978 2281 1040 2332 de
1090 2296 1193 2348 qua
1241 2297 1312 2343 re,
1362 2280 1402 2332 si
1454 2280 1583 2332 bene
1632 2280 1861 2343 memini,
1902 2285 2007 2331 tres
2055 2295 2166 2331 sen-

193 2363 390 2414 tentiae
416 2363 586 2415 dictae
613 2367 751 2415 sunt.
798 2379 919 2414 nam
947 2362 1142 2430 partim
1170 2362 1366 2430 placuit
1399 2363 1552 2413 deum
1586 2361 1775 2414 habere
1800 2361 1964 2424 illum,
1993 2361 2080 2429 qui
2107 2378 2163 2413 ea
2201 2403 2219 2414 .

194 2444 385 2496 faceret
420 2461 551 2512 quae
597 2445 722 2497 deus
769 2444 947 2507 uellct3
1004 2444 1217 2512 quidam
1252 2449 1428 2496 autem
1464 2444 1710 2496 dixerunt
1755 2444 1893 2511 quod
1928 2443 1969 2495 is
2003 2444 2155 2495 deum

324 2740 341 2780 1
377 2735 671 2780 inuitatorum
707 2736 741 2777 L
790 2735 1079 2779 inuitatorem
1121 2736 1325 2792 gerebam
1360 2749 1399 2777 m
1451 2735 1737 2778 inuitatorem
1780 2734 1888 2778 alias
1930 2746 2164 2791 personam

192 2809 396 2866 gerebam
419 2828 445 2855 α
556 2810 770 2854 sustinere
795 2810 1003 2867 docuisti]
1025 2810 1243 2854 sustinere
1267 2823 1352 2853 non
1373 2809 1497 2865 potui
1518 2823 1586 2852 am
1715 2809 2047 2864 commouitque
2073 2808 2159 2850 edd.

193 2898 260 2927 me
283 2887 421 2929 omM
537 2885 560 2927 2
584 2884 880 2942 discrepentia
901 2885 1024 2927 Mml
1136 2887 1161 2928 4
1184 2887 1289 2927 sunt
1310 2884 1362 2926 M
1474 2882 1602 2940 quid]
1621 2883 1699 2939 qui
1722 2884 1761 2926 A
1871 2883 1896 2925 6
1917 2883 2099 2941 inquam
2122 2883 2162 2925 A

194 2962 216 3003 ’ἲ
242 2959 335 3016 nos]
359 2973 430 3003 eos
452 2959 605 3014 MirJne
726 2959 750 3001 S
773 2963 821 3001 u't
843 2971 894 3000 ex
916 2960 958 3002 ul
980 2959 1092 3001 mIA
1183 2956 1254 3000 hic
1276 2959 1413 3002 om.M
1518 2958 1569 3001 10
1589 2960 1690 3014 post
1707 2957 1840 3001 tridie
1864 2956 1960 3002 AM
2062 2963 2163 3013 post

193 3035 313 3078 omL
398 3034 507 3076 item
530 3036 629 3091 post
650 3032 904 3088 prandium]
928 3039 1105 3090 tempus
1129 3032 1302 3090 prandii
1323 3034 1376 3077 M
1458 3030 1551 3087 sed]
1573 3045 1616 3074 se
1640 3032 1679 3075 A
1755 3031 2087 3089 aliquantulum
2111 3032 2164 3073 M

198 3111 241 3151 11
269 3107 383 3152 idem
405 3106 675 3164 ibidemque]
696 3106 859 3151 ibidem
881 3109 934 3151 M
1117 3109 1166 3150 12
1190 3105 1327 3164 quod]
1349 3120 1481 3163 quam
1506 3107 1539 3148 L
1712 3105 1977 3149 crudelitate
2000 3104 2160 3149 Laron-3

192 3181 455 3227 credulitate
478 3183 600 3227 Mml
695 3183 913 3226 accedisse
935 3183 975 3224 A
1082 3183 1132 3224 13
1156 3186 1249 3224 tam
1270 3181 1407 3235 omiM
1518 3181 1569 3223 16
1589 3179 1818 3237 exiguum]
1840 3186 1932 3226 tam
1954 3179 2162 3235 exiguum

194 3257 385 3300 LMcdd.
513 3262 766 3315 reppertum
793 3257 830 3298 A
974 3257 1021 3300 17
1045 3257 1163 3299 enim
1188 3260 1255 3298 est
1276 3257 1329 3300 M
1474 3255 1522 3298 18
1543 3270 1644 3299 cum
1663 3254 1834 3313 omnes]
1855 3254 1933 3311 qui
1955 3267 2103 3297 omnes
2126 3254 2161 3297 L

192 3343 291 3374 cum
314 3332 430 3386 (eum
453 3333 500 3387 p)
522 3333 589 3374 uel
611 3344 866 3375 communes
887 3346 943 3386 ap
1110 3332 1160 3376 20
1184 3329 1388 3373 omnibus
1403 3331 1455 3373 M
1616 3329 1665 3372 21
1693 3329 1795 3372 nim
1961 3328 2013 3373 23
2037 3327 2159 3384 quid]

194 3405 373 3460 quinam
390 3406 481 3461 Lap
503 3404 708 3462 quisnam
732 3405 826 3447 Mm
998 3404 1223 3448 uideretur
1245 3405 1367 3447 uobis
1390 3418 1416 3457 p
1570 3404 1620 3447 25
1644 3403 1759 3460 parti
1780 3417 1849 3446 am
1966 3403 2019 3446 26
2041 3403 2160 3445 ‹lixe—

199 3484 297 3522 rant
319 3495 344 3522 α
438 3480 503 3522 his
527 3483 564 3523 A

2206 1153 2253 1189 10

2205 1561 2252 1596 15

2201 1971 2252 2006 20
