2398 3724
244 231 311 283 24
875 244 906 286 I.
951 243 1165 289 Contra
1209 245 1591 289 Academicos

240 393 411 447 eribus
449 393 573 447 uiris
610 395 698 447 sed
739 395 906 448 acutis
944 402 995 449 et
1035 396 1163 449 bene
1201 396 1418 449 eruditis
1456 396 1655 451 inuicta
1691 405 1741 451 et
1782 398 1930 467 quasi
1966 400 2220 454 Uulcania

239 476 535 529 uideantur.
573 493 730 546 quam
763 477 829 530 ob
863 494 971 530 rem
1004 486 1186 531 contra
1218 479 1329 531 illos
1364 478 1556 532 fluctus
1591 480 1944 549 procellasque
1978 481 2216 536 fortunae

239 575 358 611 cum
399 558 745 612 obnitendum
787 559 940 612 remis
985 560 1442 630 qualiumcumque
1484 561 1745 615 uirtutum
1785 569 1901 614 tum
1942 563 1994 613 in
2037 563 2216 632 primis

239 640 476 693 diuinum
509 641 761 694 auxilium
791 642 931 694 omni
965 642 1244 695 deuotione
1281 649 1439 712 atque
1475 643 1670 712 pietate
1705 643 2092 713 implorandum
2120 654 2216 705 est,

237 728 297 775 ut
320 722 543 776 intentio
568 723 997 777 constantissima
1023 724 1277 777 bonorum
1300 725 1593 778 studiorum
1616 732 1794 779 teneat
1818 742 2026 779 cursum
2048 744 2217 791 suum,

238 820 270 857 a
295 822 394 874 quo
421 822 537 857 eam
562 805 733 858 nullus
759 822 908 858 casus
933 806 1184 870 excutiat,
1213 807 1491 875 quominus
1516 808 1658 860 illam
1684 808 2038 877 philosophiae
2064 809 2219 862 tutis-

235 886 397 941 simus
426 887 935 958 iucundissimusque
964 895 1146 957 portus
1177 889 1415 958 accipiat.
1452 889 1579 943 haec
1608 890 1776 958 prima
1804 897 1898 946 tua
1928 907 2084 944 causa
2113 898 2216 955 est;

236 968 357 1021 hinc
380 968 478 1022 tibi
503 976 698 1031 metum
725 970 844 1023 hinc
867 977 919 1024 te
935 971 1084 1040 cupio
1110 970 1332 1033 liberari,
1356 971 1491 1034 hinc,
1516 971 1557 1024 si
1580 973 1733 1024 modo
1758 971 1945 1042 dignus
1970 989 2103 1037 sum,
2130 973 2216 1042 qui

235 1050 528 1120 impetrem,
571 1051 847 1106 cotidianis
889 1053 1028 1106 uotis
1072 1069 1223 1106 auras
1264 1053 1361 1106 tibi
1404 1069 1674 1122 prosperas
1716 1070 1860 1106 orare
1903 1071 2007 1106 non
2048 1071 2214 1118 cesso;

235 1150 323 1186 oro
361 1142 538 1187 autem
570 1134 739 1203 ipsam
772 1135 962 1187 summi
995 1135 1078 1187 dei
1112 1135 1365 1188 uirtutem
1400 1143 1558 1205 atque
1592 1135 1919 1205 sapientiam.
1978 1136 2100 1205 quid
2135 1143 2216 1190 est

234 1215 373 1268 enim
419 1216 576 1278 aliud,
626 1234 781 1286 quem
826 1217 1078 1286 mysteria
1121 1217 1270 1270 nobis
1315 1219 1536 1271 tradunt
1579 1218 1661 1270 dei
1708 1217 1913 1270 filium?

369 1299 414 1350 2.
449 1298 675 1351 Multum
702 1316 782 1351 me
811 1307 984 1352 autem
1014 1299 1289 1354 adiuuabis
1316 1316 1405 1368 pro
1433 1307 1484 1352 te
1510 1301 1894 1368 deprecantem,
1923 1300 1964 1351 si
1993 1316 2095 1352 non
2122 1317 2212 1353 nos

234 1380 470 1432 exaudiri
496 1398 646 1449 posse
673 1383 914 1450 desperes
942 1381 1228 1451 nitarisque
1257 1382 1528 1435 nobiscum
1555 1389 1606 1434 et
1635 1399 1739 1434 non
1765 1382 1933 1434 solum
1961 1382 2098 1434 uotis
2126 1384 2212 1435 sed

234 1461 395 1514 etiam
429 1463 703 1516 uoluntate
739 1470 898 1532 atque
933 1463 1019 1517 illa
1054 1470 1149 1516 tua
1182 1464 1407 1517 naturali
1444 1464 1634 1517 mentis
1671 1463 1964 1525 altitudine,
2002 1472 2215 1532 propter

236 1561 395 1613 quam
408 1551 459 1597 te
478 1562 686 1614 quaem,
705 1563 806 1614 qua
823 1545 1155 1615 singulariter
1168 1546 1412 1609 delector,
1431 1563 1588 1615 quam
1605 1563 1807 1615 semper
1820 1546 2063 1607 admiror,
2083 1563 2212 1615 quae

233 1625 288 1677 in
306 1632 359 1679 te
380 1644 555 1696 —pro
580 1627 750 1680 nefas!
772 1663 838 1668 ——
858 1627 957 1680 illis
979 1644 1149 1681 rerum
1169 1629 1575 1682 domesticarum
1598 1628 1823 1680 nubibus
1848 1628 1995 1696 quasi
2018 1628 2212 1681 fulmen

232 1709 520 1762 inuoluitur
541 1717 591 1762 et
616 1709 806 1763 multos
831 1727 889 1763 ac
910 1726 1073 1779 paene
1096 1728 1274 1764 omnes
1297 1710 1442 1773 latet,
1467 1728 1547 1763 me
1571 1718 1748 1763 autem
1768 1717 1820 1763 et
1836 1710 1994 1762 alium
2016 1710 2096 1763 uel
2112 1717 2213 1763 ter-

231 1790 367 1844 tium
404 1792 834 1846 familiarissimos
871 1799 989 1846 tuos
1027 1793 1186 1846 latere
1222 1810 1327 1846 non
1363 1799 1554 1862 potest,
1594 1792 1681 1861 qui
1717 1809 1869 1861 saepe
1906 1808 2009 1844 non
2045 1792 2211 1845 solum

233 1878 436 1926 attente
460 1875 756 1927 audiuimus
780 1891 1043 1928 murmura
1068 1882 1163 1928 tua
1195 1877 1281 1928 sed
1307 1875 1467 1928 etiam
1490 1875 1738 1927 nonnulla
1760 1874 1961 1944 fulgora
1985 1874 2210 1927 fulmini-

233 1954 329 2007 bus
359 1957 601 2025 propiora
631 1957 1013 2026 conspeximus.
1067 1957 1181 2027 quis
1212 1957 1364 2015 enim,
1397 1964 1456 2010 ut
1488 1964 1659 2010 cetera
1689 1973 1778 2025 pro
1809 1963 2043 2025 tempore
2074 1964 2212 2010 tace-

233 2054 317 2089 am
347 2056 395 2091 ei
426 2056 590 2092 unum
613 2056 1030 2103 commemorem,
1061 2040 1191 2108 quis,
1222 2039 1451 2108 inquam,
1482 2045 1594 2092 tam
1622 2039 1794 2091 subito
1818 2055 2069 2107 umquam
2096 2046 2212 2091 tan-

231 2125 346 2172 tum
370 2121 601 2174 intonuit
624 2128 938 2190 tantumque
966 2122 1157 2175 lumine
1181 2121 1370 2175 mentis
1401 2121 1628 2183 emicuit,
1654 2128 1711 2174 ut
1741 2121 1837 2174 sub
1867 2138 1967 2175 uno
2001 2120 2209 2173 fremitu

231 2202 449 2255 rationis
488 2210 540 2256 et
581 2205 809 2272 quodam
848 2204 1202 2257 coruscamine
1241 2203 1619 2272 temperantiae
1660 2220 1760 2255 uno
1800 2202 1882 2255 die
1922 2202 2009 2255 illa
2047 2202 2208 2272 pridie

230 2284 533 2338 saeuissima
569 2286 777 2354 penitus
813 2286 970 2339 libido
1007 2285 1330 2339 moreretur?
1367 2302 1483 2355 ergo
1521 2303 1625 2338 non
1658 2291 1894 2353 erumpet
1930 2285 2206 2354 aliquando

229 2366 334 2419 ista
362 2367 530 2420 uirtus
563 2382 613 2420 et
646 2368 930 2421 multorum
960 2368 1351 2437 desperantium
1383 2368 1514 2420 risus
1546 2367 1597 2419 in
1630 2367 1890 2420 horrorem
1921 2374 2209 2434 stuporem·
2278 2384 2289 2391 ·

232 2464 330 2516 que
367 2457 637 2503 conuertet
675 2456 725 2503 et
764 2450 939 2503 locuta
973 2450 1026 2502 in
1060 2450 1211 2503 terris
1251 2450 1399 2519 quasi
1437 2451 1694 2518 quaedam
1732 2449 2027 2502 futurorum
2062 2448 2206 2517 signa

229 2546 406 2583 rursus
447 2532 675 2600 proiecto
718 2532 881 2585 totius
924 2533 1150 2602 corporis
1192 2549 1342 2585 onere
1383 2539 1608 2585 recurret
1650 2531 1702 2582 in
1744 2530 1979 2583 caelum?
2023 2546 2206 2600 ergone

230 2613 552 2683 Augustinus
594 2616 657 2666 de
703 2614 1027 2667 Romaniano
1071 2615 1261 2667 frustra
1305 2614 1408 2666 ista
1447 2612 1620 2666 dixit?
1665 2630 1768 2664 non
1809 2612 1942 2665 sinet
1984 2611 2082 2666 ille.
2127 2611 2206 2664 cui

229 2710 311 2747 me
345 2702 521 2748 totum
552 2696 688 2753 dedi,
728 2714 881 2765 quem
916 2713 1053 2749 nunc
1086 2712 1444 2766 recognoscere
1480 2695 1808 2764 aliquantum
1843 2694 2002 2762 coepi.

359 2862 378 2904 1
404 2861 457 2905 cf.
485 2861 611 2919 Uerg.
636 2861 742 2906 Aen.
766 2863 879 2907 VIII
900 2862 993 2906 535.
1021 2861 1113 2905 XII
1137 2862 1218 2907 739
1309 2863 1359 2906 10
1383 2861 1435 2905 cf.
1462 2861 1480 2903 I
1505 2861 1598 2905 Cor.
1626 2863 1662 2912 1,
1686 2863 1737 2904 24

355 2981 381 3023 3
402 2981 717 3038 qualicumque
739 2981 792 3024 M
903 2981 929 3025 5
951 2982 1198 3026 intentione
1219 2981 1273 3024 M
1364 2994 1518 3025 cursus
1540 2980 1593 3022 M
1705 2983 1727 3024 7
1751 2977 2203 3033 iocundissimusquae

228 3053 440 3099 MPmIT
572 3057 597 3100 8
622 3054 705 3099 sim
729 3055 871 3099 HMT
886 3056 973 3098 edd.
1107 3057 1159 3100 10
1176 3069 1252 3100 ora
1269 3056 1306 3098 P
1437 3053 1482 3109 di
1502 3052 1767 3109 sapIentiam
1785 3053 1822 3095 T
1953 3054 2002 3095 11
2026 3065 2140 3110 quae
2162 3051 2204 3094 P

231 3129 427 3173 misteria
450 3131 604 3174 PmlT
750 3131 799 3173 12
824 3135 972 3174 autem
994 3143 1066 3173 me
1087 3130 1140 3173 M
1161 3130 1248 3173 edd.
1396 3130 1446 3173 13
1470 3129 1673 3186 desperas
1696 3128 1817 3171 Mml
1960 3132 2004 3169 et
2030 3127 2067 3169 P
2088 3130 2130 3168 et
2155 3131 2202 3168 tu

231 3204 372 3247 HMT
387 3205 476 3248 edd.
585 3204 637 3248 15
657 3218 792 3262 quam
815 3207 859 3247 te
883 3217 932 3248 ex
952 3211 1118 3262 quante
1143 3204 1251 3247 Tm?
1357 3217 1470 3260 qua*
1486 3203 1526 3259 (e
1547 3205 1652 3258 ras.)
1670 3203 1706 3244 P
1814 3202 1865 3245 16
1884 3199 2029 3258 quasi]
2051 3214 2140 3256 qua
2169 3201 2204 3242 P

228 3278 394 3322 flumen
416 3280 469 3322 M
603 3281 651 3323 17
688 3293 798 3335 pene
823 3281 860 3323 P
995 3280 1045 3322 19
1078 3278 1250 3336 fulgura
1276 3278 1417 3321 HMT
1445 3277 1531 3321 edd.
1658 3277 1707 3320 21
1747 3276 1919 3332 inqua*
1938 3277 1999 3329 (m
2031 3280 2135 3327 ras.)
2162 3274 2203 3315 P

229 3340 426 3410 unquam
450 3355 568 3410 (corr.
586 3353 675 3409 ⁷222)
695 3355 731 3398 P
880 3354 932 3396 22
956 3352 1063 3408 uno]
1085 3354 1158 3397 illo
1183 3354 1220 3396 T
1372 3353 1425 3398 23
1448 3352 1520 3397 illa
1541 3352 1680 3396 omM
1828 3347 1984 3407 pridie]
2008 3352 2050 3391 et
2075 3362 2137 3406 pr.
2164 3348 2199 3389 T

228 3427 279 3469 24
304 3442 459 3484 ergone
484 3429 583 3471 HM
591 3429 742 3473 PmQT
765 3428 853 3472 edd.
1001 3429 1054 3472 26
1075 3432 1309 3472 conuertat
1334 3426 1439 3470 Tml
1591 3427 1642 3468 27
1665 3423 1878 3481 recurret]
1899 3422 2035 3469 currit
2059 3423 2157 3466 HM
2164 3422 2202 3465 P

227 3502 280 3543 28
303 3503 561 3546 romoniano
586 3503 694 3546 Tm]
808 3503 881 3546 illa
906 3503 1012 3547 Tml
1129 3502 1182 3546 29
1203 3502 1485 3560 aliquantum
1509 3501 1645 3545 om.M

2253 1155 2302 1191 10

2252 1564 2300 1600 15

2247 1975 2297 2010 20
