2398 3724
177 686 198 721 5

146 1092 200 1127 ‘10

153 1496 202 1532 15

146 1903 197 1938 20

147 2307 197 2342 25

150 2710 200 2748 30

965 191 1034 233 111
1076 191 1141 242 11,
1184 190 1361 238 25—12‚
1404 189 1456 232 28
2120 179 2182 230 67

237 346 324 397 sed
348 361 429 395 me
452 351 630 396 tamen
653 343 776 394 illud
801 343 852 393 in
875 343 1065 394 somnis
1089 342 1247 393 etia-m
1269 341 1565 393 delectaret.
1594 356 1748 408 quare
1773 340 1912 402 illud,
1941 342 2076 409 quod
2100 358 2181 393 me

237 425 362 477 scire
389 424 512 487 dixi,
543 424 681 476 nulla
710 423 979 475 confundit
1008 422 1288 475 similitudo
1317 422 1564 474 falsorum
1595 428 1646 473 et
1669 421 1950 489 Epicureus
1983 422 2063 474 uel
2087 425 2183 490 (Ὺ-

237 505 428 558 renaici
469 514 519 557 et
561 505 660 557 alia
703 504 867 557 multa
911 504 1129 556 fortasse
1171 520 1261 571 pro
1305 503 1536 555 sensibus
1579 503 1772 564 dicant,
1829 512 2003 555 contra
2053 521 2181 571 quae

238 586 362 638 nihil
385 586 584 638 dictum
608 603 716 638 esse
741 586 807 637 ab
834 584 1154 637 Academicis
1180 584 1366 652 accepi.
1413 585 1500 636 sed
1530 583 1650 652 quid
1677 585 1742 636 ad
1769 584 1886 636 me?
1932 584 1972 636 si
2000 585 2180 636 uolunt

232 666 334 720 ista
357 675 408 720 et
432 668 472 719 si
496 675 727 735 possunt,
756 667 913 719 etiam
939 683 1019 717 me
1044 666 1251 718 fauente
1275 665 1584 717 rescindant.
1632 665 1880 733 quidquid
1906 666 2040 717 enim
2065 682 2182 717 con-

236 757 318 802 tra
350 765 525 800 sensus
558 748 624 801 ab
656 748 725 800 eis
757 748 1072 816 disputatur,
1107 763 1210 798 non
1242 752 1421 799 contra
1454 763 1630 798 omnes
1663 747 1991 815 philosophos
2026 747 2179 799 ualet.

235 841 355 882 sunt
385 830 519 881 enim
552 829 637 897 qui
670 829 840 881 onmia
869 829 986 890 ista,
1020 846 1149 896 quae
1178 827 1401 896 corporis
1429 844 1581 879 sensu
1608 828 1794 895 accipit
1823 828 2040 889 animus
2075 828 2182 895 opi-

236 911 439 963 nionem
484 927 631 978 posse
672 910 874 979 gignere
919 910 1249 971 confitentur,
1295 909 1563 961 scientiam
1609 926 1726 961 uero
1772 921 1978 977 negant,
2026 926 2181 976 quam

236 1001 412 1044 tamen
459 991 639 1043 uolunt
685 991 1032 1059 intellegentia
1080 990 1329 1043 contineri
1375 999 1729 1058 remotamque
1776 1008 1803 1042 a
1851 990 2083 1042 sensibus
2131 990 2182 1040 in

236 1082 406 1125 mente
449 1073 633 1125 uiuere.
696 1082 746 1125 et
789 1072 919 1124 forte
961 1073 1012 1123 in
1053 1089 1227 1124 eorum
1269 1088 1479 1124 numero
1521 1079 1601 1124 est
1642 1072 1846 1140 sapiens
1889 1071 1984 1133 ille,
2030 1089 2180 1139 quem

239 1154 544 1222 quaerimus,
583 1155 670 1206 sed
688 1155 750 1206 de
770 1154 865 1206 hoc
882 1153 1024 1205 alias,
1064 1170 1200 1205 nunc
1217 1155 1281 1205 ad
1302 1153 1494 1222 reliqua
1514 1170 1802 1221 pergamus,
1825 1170 1953 1221 quae
1974 1162 2183 1221 propter

234 1236 352 1296 ist-a,
388 1253 515 1303 quae
546 1235 650 1287 iam
680 1235 819 1287 dicta
853 1244 989 1296 sunt,
1023 1235 1217 1302 paucis,
1250 1234 1348 1286 nisi
1379 1234 1541 1296 fallor,
1576 1234 1961 1302 explicabimus,

365 1317 495 1384 XII.
527 1317 604 1368 27.
645 1316 777 1377 Quid
807 1316 943 1368 enim
971 1317 1033 1367 de
1063 1315 1290 1367 moribus
1320 1316 1664 1384 inquirentem
1695 1316 1776 1367 uel
1803 1316 1948 1368 iuuat
1981 1315 2062 1367 uel
2089 1316 2182 1366 im-

236 1398 378 1465 pedit
416 1397 638 1465 corporis
675 1397 889 1449 sensus?
929 1397 1027 1455 nisi
1056 1413 1175 1449 uero
1212 1397 1321 1449 illos
1350 1398 1503 1465 111503,
1544 1397 1629 1465 qui
1666 1414 1924 1448 summum
1962 1397 2181 1449 hominis

240 1495 417 1530 uerum
449 1478 642 1530 bonum
671 1479 724 1529 in
756 1478 1024 1547 uoluptate
1056 1486 1352 1546 posuerunt,
1387 1479 1514 1530 nihil
1542 1479 1758 1546 impedit
1790 1486 1879 1531 aut
1914 1478 2181 1530 columbae

237 1559 422 1611 collum
448 1568 539 1611 aut
566 1577 670 1611 uox
692 1560 886 1612 incerta
912 1569 1003 1612 aut
1027 1576 1182 1628 graue
1210 1561 1410 1627 pondus
1436 1560 1646 1622 homini,
1677 1561 1810 1628 quod
1839 1560 2046 1612 camelis
2073 1559 2181 1611 leue

236 1648 330 1701 est,
361 1649 451 1692 aut
474 1640 574 1693 alia
596 1650 843 1697 sescenta.
878 1641 1149 1708 quominus
1179 1642 1357 1693 dicant
1395 1659 1469 1703 eo,
1503 1658 1601 1709 quo
1639 1642 1980 1702 delectantur,
2019 1641 2183 1693 delec-

237 1723 338 1774 tari
382 1740 433 1774 se
482 1722 606 1774 scire
650 1722 730 1774 uel
766 1740 840 1783 eo,
885 1739 983 1790 quo
1019 1722 1371 1784 offenduntur,
1416 1723 1624 1785 offendi,
1672 1724 1806 1790 quod
1846 1722 2003 1775 refelli
2034 1739 2181 1791 posse

238 1820 340 1855 non
364 1803 529 1855 uideo.
563 1820 679 1855 eum
703 1804 1121 1866 commouebunt‚
1151 1804 1236 1872 qui
1263 1804 1420 1858 finem
1444 1804 1559 1856 boni
1585 1813 1757 1856 mente
1780 1803 2179 1872 complectitur?

236 1885 354 1952 quid
377 1884 558 1935 horum
577 1892 636 1937 tu
654 1884 834 1953 eligis?
856 1885 897 1937 si
918 1886 1038 1953 quid
1058 1886 1183 1937 mihi
1204 1886 1443 1938 uideatur
1462 1886 1679 1953 quaeris.
1700 1886 1752 1937 in
1770 1895 1942 1938 mente
1961 1885 2183 1937 arbitror

236 1983 343 2017 esse
367 1983 625 2017 summum
648 1966 866 2019 hominis
892 1966 1098 2018 bonum.
1123 1967 1210 2018 sed
1234 1983 1370 2017 nunc
1390 1968 1452 2018 de
1475 1967 1689 2018 scientia
1715 1967 2021 2034 quaerimus.
2065 1983 2180 2035 ergo

237 2047 492 2115 interroga
512 2048 814 2114 sapientem,
832 2048 917 2115 qui
938 2064 1041 2098 non
1059 2055 1234 2115 potest
1254 2047 1484 2116 ignorare
1504 2048 1839 2115 sapientiam3
1861 2048 1986 2099 mihi
2006 2057 2182 2100 tamen

236 2129 385 2180 tardo
414 2128 482 2178 illi
511 2136 666 2195 atque
693 2128 854 2181 stulto
883 2129 1001 2181 licet
1028 2129 1235 2181 interim
1261 2130 1386 2182 scire
1415 2128 1535 2181 boni
1563 2130 1775 2182 humani
1803 2130 1975 2191 finem,
2006 2130 2054 2180 in
2082 2147 2180 2198 quo

237 2208 490 2260 inhabitet
514 2209 666 2262 beata
687 2210 812 2271 uita,
829 2218 919 2262 aut
941 2210 1137 2261 nullum
1157 2228 1266 2262 esse
1286 2218 1376 2263 aut
1396 2211 1449 2262 in
1468 2211 1639 2263 animo
1661 2229 1769 2263 esse
1790 2221 1880 2263 aut
1902 2212 1953 2262 in
1974 2227 2181 2279 corpore

234 2296 322 2341 aut
354 2290 404 2340 in
441 2297 673 2358 utroque.
719 2291 813 2342 hoc
837 2308 932 2351 me,
959 2291 999 2341 si
1025 2298 1187 2358 poteS‚
1213 2292 1404 2343 nescire
1430 2292 1691 2353 conuince,
1720 2293 1854 2360 quod
1882 2292 2181 2343 notissimae

237 2370 351 2422 illae
379 2379 579 2423 uestrae
605 2372 829 2424 rationes
856 2372 992 2423 nullo
1020 2373 1171 2424 modo
1199 2372 1413 2424 faciunt.
1462 2374 1597 2441 quod
1624 2373 1665 2424 si
1692 2390 1794 2424 non
1821 2384 1965 2441 potes
1992 2404 2056 2408 —
2080 2390 2182 2425 non

239 2452 371 2503 enim
398 2452 628 2520 reperies,
657 2453 735 2504 cui
762 2452 890 2505 falso
916 2453 1077 2505 simile
1101 2454 1417 2523 sit-—egone
1443 2454 1741 2506 concludere
1766 2454 2019 2507 dubitabo
2047 2463 2181 2507 recte

240 2533 363 2583 mihi
410 2533 570 2585 uideri
614 2534 738 2586 scire
781 2535 1067 2602 sapientem
1113 2535 1362 2603 quidquid
1403 2536 1455 2587 in
1498 2536 1818 2604 philosophia
1866 2553 2041 2604 uerum
2087 2544 2180 2594 est,

243 2630 356 2664 cum
396 2632 485 2682 ego
524 2615 640 2667 inde
678 2622 789 2667 tam
826 2616 989 2668 multa
1031 2632 1150 2668 uera
1189 2616 1551 2686 cognouerim?

366 2696 443 2746 28.
485 2696 580 2748 Sed
613 2697 800 2748 metuit
835 2697 1071 2759 fortasse,
1107 2715 1168 2749 ne
1203 2715 1461 2750 summum
1498 2698 1689 2750 bonum
1723 2699 1876 2768 eligat
1904 2699 2178 2751 dormiens.

240 2775 437 2827 nihil
484 2794 516 2844 p
539 2794 563 2829 e
587 2793 609 2827 r
631 2777 643 2827 i
667 2794 692 2828 c
715 2778 764 2828 li
813 2797 837 2830 e
861 2796 881 2827 s
905 2786 950 2841 t;
995 2795 1111 2830 cum
1141 2779 1478 2848 euigilauerit‚
1511 2780 1820 2848 repudiabit,
1853 2781 1895 2831 si
1925 2780 2179 2848 displicet,

362 2957 411 2997 15
435 2955 486 2997 cf.
511 2955 596 2999 Cic.
619 2958 752 3000 Acad.
780 2958 822 3000 II
846 2959 908 3001 19.
934 2957 986 3001 79
1119 2959 1169 3002 20
1192 2959 1244 3002 cf.
1267 2959 1460 3002 Retraot.
1490 2960 1508 3002 I
1531 2963 1568 3008 1,
1592 2959 1616 3002 9
1740 2961 1790 3004 31
1818 2961 1910 3003 Ter.
1934 2959 2066 3006 Andr.
2090 2961 2183 3003 351).

235 3027 408 3071 Phorm.
433 3031 512 3073 763

362 3128 381 3167 1
406 3125 477 3167 alt.
503 3124 632 3169 illaH
708 3128 731 3168 :2
756 3127 868 3170 dixit
890 3128 1105 3172 Hmzij
1182 3128 1382 3173 confudit
1407 3129 1510 3173 Tm?
1589 3130 1789 3187 epicurus
1811 3132 1863 3174 M
1940 3131 1965 3173 3
1988 3136 2029 3174 et
2052 3132 2186 3174 omM

235 3197 389 3251 dicunt
407 3199 447 3241 T
571 3203 596 3245 6
618 3200 902 3257 disputantur
926 3203 963 3245 P
1078 3204 1099 3245 7
1122 3201 1207 3247 ista
1229 3203 1375 3246 omnia
1397 3205 1484 3246 edd.
1623 3218 1770 3247 sensus
1791 3205 1833 3247 H
1945 3203 2122 3257 animus
2145 3205 2188 3246 H

237 3271 262 3313 9
293 3270 334 3326 a]
368 3286 416 3316 ac
444 3274 549 3317 Pm]
687 3276 736 3317 13
770 3274 896 3318 iubat
927 3277 1152 3319 Hmlel
1309 3278 1358 3319 15
1392 3291 1545 3320 uerum
1579 3278 1743 3323 ome
1885 3291 2063 3333 posuere
2097 3279 2182 3322 edd.

241 3344 289 3386 18
310 3343 489 3393 scir*eP
568 3348 618 3389 24
638 3348 860 3392 habitetT
936 3350 987 3394 27
1011 3351 1229 3406 repperies
1246 3350 1397 3394 PmIT
1474 3351 1628 3394 similis
1641 3353 1692 3395 M
1773 3352 1823 3394 28
1845 3351 2188 3408 sapientiHMP

234 3417 290 3461 30
311 3418 471 3461 bonum
493 3422 619 3464 omli
696 3423 743 3464 31
771 3422 907 3478 peridi
927 3423 1033 3466 Tml
1058 3423 1236 3478 periculi
1257 3425 1343 3466 edd.
1425 3425 1653 3481 euigilubit
1674 3427 1726 3469 Μ
1804 3424 2055 3481 repudiauit
2082 3428 2186 3469 Pml

2044 3506 2098 3558 5..
