2398 3724
225 198 319 252 146
967 210 1458 256 HLDcordinc

223 379 282 416 eo
313 367 485 415 cetera
513 362 910 432 gubernantur?
944 391 1010 397 ——
1038 362 1142 418 Ubi
1174 363 1347 416 omnia
1380 363 1515 416 bona
1548 367 1686 428 sunt,
1717 365 1906 434 inquit,
1941 369 2064 421 ordo
2096 385 2200 421 non

222 450 316 498 est.
371 450 448 497 est
481 445 618 497 enim
652 461 854 497 summa
888 445 1197 514 aequalitas,
1232 462 1365 514 quae
1399 446 1632 499 ordinem
1665 447 1793 499 nihil
1825 449 2101 504 desiderat.
2138 479 2202 485 —

226 528 413 596 NegaS,
439 527 674 595 inquam,
704 528 843 595 apud
871 527 1026 579 deum
1055 527 1228 579 omnia
1258 527 1393 580 bona
1422 527 1569 580 esse?
1599 557 1665 562 —
1691 529 1805 581 Non
1834 546 1981 600 nego,
2009 531 2197 600 inquit.

225 639 290 643 -
306 608 609 672 Conficitur,
632 608 865 677 inquam,
888 625 1055 677 neque
1076 609 1231 662 deum
1253 626 1419 677 neque
1440 609 1544 673 illa,
1567 627 1699 679 quae
1721 612 1860 680 apud
1881 613 2036 664 deum
2058 620 2196 677 sunt,

223 691 401 744 ordine
429 691 801 743 administrari.
833 720 897 724 —
921 690 1266 744 Concedebat.
1298 720 1363 724 —
1389 691 1801 761 Numquidnam,
1829 692 2063 763 inquam,
2094 712 2198 747 om-
2233 715 2252 750 5

221 774 307 825 nia
338 772 476 825 bona
503 772 635 825 nihil
662 772 760 825 tibi
790 773 1037 825 uidentur
1066 772 1212 826 esse?
1246 802 1310 807 —
1340 773 1522 837 Immo,
1554 774 1648 837 ait,
1679 775 1790 843 ipsa
1820 793 1938 827 uere
1967 782 2104 829 sunt.
2137 806 2201 810 —

220 854 325 910 Ubi
362 872 480 924 ergo
516 859 610 918 est,
645 854 879 923 inquam,
915 854 1042 907 illud
1078 859 1247 918 tuum,
1285 856 1424 924 quod
1460 856 1660 920 dixisti,
1698 858 1872 909 omnia
1909 874 2041 926 quae
2077 865 2198 911 sunt.

222 938 398 990 ordine
430 937 794 989 administrari
829 936 1060 1006 nihilque
1097 937 1307 990 omnino
1343 954 1467 1001 esse,
1496 939 1643 1007 *quod
1680 937 1746 990 ab
1783 939 1958 992 ordine
1994 957 2197 1009 separa-

223 1024 337 1071 tum
370 1019 472 1071 sit?
508 1048 574 1052 —
606 1019 705 1071 Sed
737 1023 876 1082 sunt,
899 1019 1089 1088 inquit,
1113 1020 1274 1072 etiam
1305 1018 1461 1083 mala,
1494 1036 1584 1088 per
1616 1037 1749 1089 quae
1780 1020 1978 1073 factum
2010 1029 2105 1086 est,
2140 1027 2195 1074 ut

225 1107 277 1154 et
305 1100 443 1153 bona
472 1102 596 1153 ordo
624 1100 925 1164 concludat;
955 1117 1080 1153 nam
1107 1101 1215 1154 sola
1242 1100 1379 1154 bona
1407 1117 1511 1154 non
1539 1103 1716 1155 ordine
1742 1108 1992 1173 reguntur
2020 1105 2108 1157 sed
2136 1105 2198 1157 si-
2235 1123 2282 1159 10

222 1182 331 1235 mul
353 1182 490 1236 bona
512 1187 564 1235 et
586 1182 738 1235 mala.
768 1199 887 1235 cum
914 1189 1092 1235 autem
1119 1183 1361 1236 dicimus:
1391 1184 1586 1237 ‘omnia
1613 1200 1746 1253 quae
1773 1189 1930 1249 sunt‘,
1959 1202 2062 1238 non
2090 1186 2197 1238 sola

223 1265 406 1333 utique
430 1263 569 1317 bona
591 1265 826 1318 dicimus,
871 1282 936 1317 ex
959 1282 1062 1334 quo
1086 1264 1166 1328 fit,
1193 1270 1251 1317 ut
1277 1266 1449 1318 omnia
1475 1266 1644 1329 simul,
1671 1282 1803 1335 quae
1827 1267 1952 1319 deus
1977 1268 2196 1320 admini-

223 1352 375 1410 strat,
415 1347 592 1399 ordine
630 1347 1079 1400 administrentur.

352 1430 397 1482 3.
415 1428 508 1482 Cui
528 1445 645 1499 ego:
672 1428 814 1490 Quae
836 1429 1273 1482 administrantur
1288 1434 1340 1481 et
1362 1435 1606 1499 aguntur,
1623 1430 1869 1483 uidentur
1885 1430 1982 1483 tibi
1997 1432 2194 1484 moueri

220 1528 288 1563 an
313 1510 601 1563 immobilia
627 1516 784 1580 putas
812 1510 958 1564 esse?
988 1540 1054 1545 —
1080 1511 1206 1575 Ista,
1234 1512 1423 1580 inquit,
1453 1528 1586 1579 quae
1613 1512 1666 1563 in
1693 1512 1788 1565 hoc
1816 1513 2012 1565 mundo
2040 1512 2193 1576 fiunt,
2232 1532 2278 1568 15

220 1593 388 1645 fateor
415 1593 628 1646 moueri.
661 1622 727 1627 ——
754 1593 992 1662 Reliqua,
1022 1594 1256 1662 inquam,
1286 1593 1481 1663 negas?
1514 1623 1579 1627 —
1612 1593 1755 1656 Quae
1783 1599 1906 1647 sunt
1934 1612 2052 1647 cum
2080 1596 2193 1658 deo,

217 1676 406 1744 inquit,
433 1691 536 1728 non
559 1679 863 1739 mouentur,
888 1675 1087 1744 reliqua
1113 1676 1287 1728 omnia
1311 1676 1509 1728 moueri
1533 1675 1774 1729 arbitror.
1801 1705 1867 1710 -—
1886 1676 2014 1730 Cum
2039 1677 2194 1746 igitur

219 1774 295 1820 ea,
319 1774 452 1826 quae
473 1774 592 1810 eum
612 1758 708 1810 deo
730 1763 869 1821 sunt,
891 1758 1125 1826 inquam,
1148 1774 1252 1810 non
1272 1759 1469 1810 moueri
1489 1763 1662 1826 putas,
1683 1763 1855 1811 cetera
1876 1763 2053 1811 autem
2072 1775 2192 1811 con-

217 1839 356 1892 cedis
381 1839 597 1903 moueri,
626 1840 855 1892 ostendis
883 1841 1074 1903 omnia,
1102 1855 1236 1908 quae
1261 1844 1557 1904 mouentur,
1586 1856 1689 1893 non
1714 1857 1822 1892 esse
1848 1857 1965 1892 cum
1991 1841 2103 1893 deo,
2133 1869 2197 1874 -

224 1921 421 1990 Repete
452 1921 549 1973 hoo
582 1922 769 1990 ipsum,
803 1922 991 1990 inquit,
1026 1920 1181 1990 paulo
1214 1921 1437 1990 planius
1474 1951 1539 1955 -—
1576 1921 1724 1983 Quod
1759 1938 1862 1975 non
1893 1922 2021 1974 mihi
2054 1923 2192 1974 uisus
2227 1942 2278 1977 20

217 2009 295 2055 est
329 2002 643 2056 difficultate
675 2003 1010 2074 intellegendi
1053 2003 1164 2055 fiori
1207 2002 1445 2067 uoluisse,
1489 2004 1577 2056 sed
1621 2005 1904 2072 quaerendi
1945 2005 2192 2073 spatium,

219 2101 322 2154 quo
344 2085 603 2137 inueniret
626 2086 750 2154 quid
772 2087 1123 2154 responderet.
1146 2118 1210 2122 —
1230 2085 1439 2149 Dixisti,
1463 2086 1694 2154 inquam,
1718 2103 1776 2138 ea
1800 2102 1932 2154 quae
1953 2103 2071 2138 cum
2097 2087 2193 2138 deo

218 2172 340 2219 sunt
371 2183 473 2219 non
503 2168 717 2220 moueri.
749 2172 919 2220 cetera
951 2172 1129 2220 autem
1158 2167 1373 2220 moueri.
1424 2167 1466 2219 si
1495 2184 1614 2236 ergo
1644 2167 1786 2231 haec,
1819 2184 1952 2236 quae
1982 2183 2192 2221 mouen-

216 2254 317 2312 tur,
349 2266 452 2301 non
479 2254 831 2314 mouerentur,
860 2250 903 2302 si
930 2254 1102 2302 essent
1130 2266 1248 2302 oum
1277 2250 1390 2313 de0,
1415 2250 1663 2317 quoniam
1694 2250 1883 2313 omnia,
1909 2266 2041 2318 quae
2070 2255 2192 2302 sunt

218 2347 335 2383 oum
359 2332 469 2395 deo,
492 2348 649 2400 negas
674 2332 888 2395 moueri,
910 2336 1092 2394 restat,
1117 2336 1176 2383 ut
1198 2336 1404 2400 praeter
1426 2332 1580 2383 deum
1606 2331 1711 2383 sint
1737 2347 1869 2400 quae
1894 2336 2187 2384 mouentur.
2224 2349 2274 2386 25

220 2441 286 2446 —
318 2413 515 2474 Quibus
542 2413 694 2465 dictis
722 2413 889 2466 adhuc
918 2412 1146 2477 tacebat,
1172 2430 1290 2466 cum
1317 2414 1558 2466 tandem:
1587 2413 1809 2468 Uidetur
1836 2413 1978 2476 mihi,
2001 2414 2189 2481 inquit,

221 2495 361 2563 quod
387 2501 439 2547 et
463 2495 516 2547 in
540 2495 635 2547 hoc
662 2496 858 2548 mundo
884 2496 926 2547 si
951 2512 1055 2564 qua
1080 2511 1184 2547 non
1209 2500 1505 2559 mouentur,
1531 2512 1648 2547 cum
1674 2495 1770 2547 deo
1796 2500 1933 2548 sunt.
1963 2524 2028 2528 —
2052 2494 2191 2546 Nihil

218 2576 315 2628 hoc
345 2577 410 2628 ad
437 2593 536 2640 me,
564 2577 805 2645 inquam;
860 2577 1039 2630 fateris
1079 2577 1234 2641 enim,
1276 2582 1335 2629 ut
1376 2577 1572 2645 opinor,
1614 2593 1717 2629 non
1759 2577 1949 2640 omnia,
1978 2593 2110 2646 quae
2137 2577 2189 2628 in

219 2658 314 2711 hoc
348 2659 544 2711 mundo
576 2665 715 2722 sunt,
749 2675 853 2711 non
884 2659 1097 2711 moueri.
1132 2676 1197 2711 ex
1227 2675 1329 2727 quo
1361 2658 1636 2712 conficitur
1668 2675 1771 2710 non
1804 2659 1977 2712 omnia
2009 2658 2189 2710 mundi

220 2739 372 2792 huius
413 2756 520 2792 esse
561 2757 679 2792 cum
719 2741 831 2793 (190.
876 2770 940 2774 -
974 2741 1179 2804 Fateor,
1220 2741 1411 2809 inquit,
1452 2757 1557 2793 non
1598 2740 1786 2793 omnia.
1832 2769 1897 2774 —
1934 2740 2070 2809 Ergo
2111 2745 2186 2791 est
2225 2757 2275 2793 30

217 2820 415 2889 aliquid
442 2822 550 2874 sine
577 2821 712 2875 deo?
739 2851 804 2856 ——
829 2822 961 2886 Non,
990 2822 1177 2890 inquit.
1207 2851 1273 2855 —
1295 2823 1425 2876 Cum
1451 2823 1547 2874 deo
1574 2827 1695 2874 sunt
1722 2822 1879 2891 igitur
1907 2821 2095 2873 omnia.
2127 2850 2190 2854 --

217 2902 315 2956 Hic
354 2903 778 2956 cunctabundus:
829 2904 1048 2967 QuaesO,
1088 2904 1277 2972 inquit,
1317 2903 1445 2956 illud
1484 2920 1587 2956 non
1625 2904 1862 2967 dixerim,
1903 2903 2042 2972 quod
2081 2903 2188 2955 sinc

214 2985 310 3038 deo
333 2984 462 3036 nihil
483 2986 573 3049 sit3
599 3002 721 3037 nam
745 3002 951 3054 prorsus
976 2986 1167 3049 omnia,
1192 3001 1325 3054 quae
1349 2990 1643 3049 mouentur,
1668 3002 1771 3038 non
1792 2985 1920 3037 mihi
1944 2985 2186 3037 uidentur

343 3183 366 3226 7
389 3194 489 3237 ergo
511 3180 619 3225 illud
641 3186 706 3226 est
731 3182 915 3239 inquam
940 3182 979 3225 A
999 3187 1064 3226 est
1086 3195 1186 3238 ergo
1210 3181 1394 3238 inquam
1416 3180 1523 3225 illud
1545 3181 1632 3224 edd.
1772 3181 1798 3225 9
1819 3180 1955 3225 etiam
1977 3180 2125 3237 inquit
2148 3181 2186 3222 A

219 3255 266 3299 10
300 3255 406 3300 ordo
440 3257 545 3300 ordo
580 3257 623 3299 H
751 3259 801 3300 11
838 3257 979 3300 solum
1014 3270 1040 3299 a
1169 3258 1221 3300 12
1256 3255 1450 3300 diximus
1486 3255 1526 3299 A
1640 3254 1980 3312 omnia***(que
2011 3256 2115 3309 ras.)
2152 3255 2189 3297 P

218 3328 267 3372 15
288 3330 454 3374 mundo
476 3337 581 3375 sunt
604 3332 656 3375 M
680 3330 797 3375 fiunt
821 3331 986 3374 mundo
1008 3331 1095 3374 edd.
1203 3332 1251 3374 21
1276 3329 1425 3387 spacio
1451 3332 1513 3375 Τα
1612 3331 1663 3374 24
1686 3343 1787 3374 cum
1809 3330 1888 3373 deo
1910 3334 2053 3374 essent
2079 3327 2185 3373 Tm]

215 3405 266 3448 27
300 3408 344 3447 et
375 3405 547 3450 om.AT
649 3406 700 3449 28
734 3418 822 3448 non
854 3418 886 3448 s.
917 3418 999 3447 ras.
1020 3404 1130 3450 Am?
1240 3406 1288 3448 31
1326 3404 1461 3461 igitur
1492 3411 1595 3449 sunt
1622 3405 1660 3447 A
1692 3409 1795 3448 sunt
1831 3404 1925 3460 (om.
1959 3403 2114 3460 igitur)
2133 3404 2185 3447 M

215 3480 269 3522 32
290 3477 390 3521 hinc
414 3478 454 3521 A
545 3480 598 3523 33
620 3479 728 3522 nihil
749 3481 943 3525 omeI
