2398 3724
132 1098 180 1133 10

133 1503 180 1538 15

129 1910 180 1946 20

134 2330 185 2367 25

134 2735 184 2771 30

977 190 1046 233 111
1085 190 1122 239 5.
1167 192 1316 241 11—7‚
1360 190 1411 231 14
2101 173 2164 226 55

346 347 435 399 VI.
467 347 543 398 13.
582 343 704 405 Quis
733 349 908 396 autem
936 358 1114 395 uerum
1141 340 1303 409 possit
1331 340 1612 395 ostendere,
1642 338 1734 391 abs
1762 345 1828 400 te,
1859 338 2028 407 Alypi‚
2067 338 2172 390 dic-

214 436 328 482 tum
357 435 451 490 est,
482 444 511 479 a
543 443 641 494 quo
667 442 728 477 ne
751 423 1057 476 dissentiam
1085 437 1392 491 magnopere
1426 420 1550 472 mihi
1572 420 1914 473 laborandum
1943 427 2036 472 est.
2068 427 2173 472 ete-

215 511 321 563 nim
359 525 550 561 numen
588 506 795 574 aliquod
835 505 955 557 aisti
992 504 1159 556 solum
1196 520 1343 571 posse
1382 503 1648 555 ostendere
1688 501 1899 562 homini,
1942 501 2064 568 quid
2103 500 2171 553 sit

216 607 408 652 uerum,
446 605 563 641 cum
598 587 822 640 breuiter
855 593 969 639 turn
1003 586 1164 638 etiam
1198 584 1292 653 pie.
1349 583 1476 635 nihil
1510 583 1686 651 itaque
1722 583 1775 634 in
1809 582 1905 634 hoc
1938 598 2169 634 sermone

215 679 389 725 nostro
410 669 652 723 libentius
673 667 864 728 audiui,
882 666 1008 718 nihil
1024 667 1247 735 grauius9
1265 665 1392 716 nihil
1410 664 1725 733 probabilius
1746 671 1813 725 et,
1830 663 1872 715 si
1891 663 1941 715 id
1962 680 2168 725 numen,

215 761 272 807 ut
303 753 523 814 confido,
545 750 690 812 assit,
713 749 840 801 nihil
869 748 1053 801 uerius.
1086 764 1209 801 nam
1237 753 1288 799 et
1320 747 1534 799 Proteus
1564 746 1643 799 ille
1673 776 1739 781 —
1769 752 1967 813 quanta
1996 745 2088 797 abs
2119 753 2169 798 te

213 835 400 888 mentis
443 831 716 885 altitudine
759 836 1208 889 commemoratus,
1240 834 1451 896 vquanta
1492 827 1779 882 intentione
1821 826 1873 877 in
1914 826 2170 894 optimum

217 914 568 985 philosophiae
618 911 801 982 genus!
852 942 917 947 -—
966 911 1179 963 Proteus
1230 909 1367 962 enim
1416 909 1513 971 ille,
1568 915 1623 961 ut
1676 926 1765 961 uos
1816 907 2169 960 adulescentes

214 1014 316 1050 non
354 996 559 1065 penitus
600 1001 781 1062 poetas
821 1011 851 1045 a
890 991 1213 1060 philosophia
1251 991 1653 1043 contemnendos
1693 1006 1802 1042 esse
1843 989 2079 1050 uideatis,
2120 989 2173 1041 in

214 1078 490 1147 imaginem
521 1075 757 1128 ueritatis
790 1074 1074 1137 inducitur3
1110 1072 1362 1134 ueritatis,
1397 1072 1625 1140 inquam,
1662 1071 1875 1124 Proteus
1908 1070 1960 1121 in
1992 1071 2173 1123 carmi-

214 1160 364 1212 nibus
398 1164 629 1211 ostentat
662 1156 984 1223 sustinetque
1018 1171 1307 1223 personam,
1345 1170 1501 1222 quam
1534 1153 1763 1206 obtinere
1797 1169 1946 1204 nemo
1980 1159 2169 1220 potest,

213 1241 254 1293 si
291 1240 432 1293 falsis
468 1238 777 1308 imaginibus
814 1238 1059 1305 deceptus
1097 1234 1564 1304 comprehensionis
1602 1236 1762 1287 nodos
1800 1233 1882 1285 uel
1917 1233 2171 1286 laxauerit

215 1322 296 1375 uel
328 1321 597 1374 dimiserit.
635 1326 756 1372 sunt
791 1318 927 1371 enim
962 1318 1093 1370 istae
1128 1317 1393 1386 imagineS‚
1433 1333 1562 1384 quae
1598 1315 1968 1368 consuetudine
2006 1331 2173 1367 rerum

215 1403 556 1472 corporalium
569 1416 659 1470 per
681 1401 823 1464 istoS‚
841 1400 1025 1468 quibus
1048 1400 1113 1451 ad
1130 1398 1418 1451 necessaria
1440 1398 1589 1450 huius
1605 1398 1743 1450 uitae
1769 1396 1979 1459 utimur,
1995 1413 2172 1449 sensus

215 1502 321 1546 nOS,
345 1485 505 1537 etiarn
527 1499 644 1535 cum
666 1482 858 1534 ueritas
880 1488 1087 1534 tenetur
1107 1487 1158 1532 et
1182 1480 1328 1548 quasi
1350 1479 1572 1532 habetur
1591 1479 1642 1530 in
1663 1478 1918 1539 manibuS‚
1941 1478 2172 1546 decipere

215 1573 371 1634 atque
391 1566 618 1618 inludere
639 1564 935 1616 moliuntur.
959 1562 1054 1614 hoc
1073 1578 1189 1630 ergo
1210 1561 1424 1614 tertium
1444 1560 1637 1613 bonum
1657 1560 1781 1612 mihi
1807 1559 2012 1621 accidit,
2036 1561 2170 1627 quod

215 1665 317 1700 non
347 1647 551 1700 inuenio
586 1645 767 1714 quanti
799 1644 1083 1697 aestimem.
1117 1660 1319 1696 mecum
1349 1642 1485 1695 enim
1517 1641 1948 1694 familiarissimus
1980 1642 2174 1693 amicus

214 1746 357 1782 meus
392 1745 496 1781 non
530 1727 695 1780 solum
729 1728 792 1779 de
822 1725 1190 1795 probabilitate
1227 1725 1483 1776 humanae
1527 1724 1666 1776 uitae
1704 1739 1882 1775 uerum
1917 1723 2078 1775 etiam
2111 1724 2173 1775 de

215 1811 327 1879 ipsa
355 1809 593 1879 religione
624 1809 917 1868 concordat,
947 1808 1082 1874 quod
1112 1813 1191 1859 est
1221 1806 1327 1858 ueri
1356 1805 1507 1858 amici
1536 1805 2020 1858 manifestissimum
2049 1804 2176 1856 indi-

216 1892 366 1954 cium,
416 1891 456 1943 si
521 1890 726 1958 quidem
774 1888 1004 1940 amicitia
1051 1888 1333 1940 rectissime
1382 1894 1538 1955 atque
1586 1887 1911 1938 sanctissime
1957 1886 2174 1938 definita

216 1980 294 2026 est
342 1989 585 2025 rerum
637 1971 1126 2023 humanarum
1181 1976 1243 2021 et
1290 1968 1731 2020 diuinarum
1780 1984 1933 2019 cum
1982 1967 2176 2019 beni-

215 2054 574 2107 uolentia
629 2060 697 2105 et
755 2051 1097 2104 caritate
1154 2049 1577 2103 consensio

348 2151 465 2201 VII.
512 2151 586 2201 14.
631 2150 825 2200 Tamen
867 2165 926 2200 ne
969 2154 1060 2200 aut
1103 2146 1528 2199 Academicorum
1570 2152 1876 2215 argumenta
1924 2146 2176 2213 quasdam

218 2231 429 2283 nebulas
456 2231 732 2282 uideantur
753 2229 1019 2281 offundere
1044 2235 1135 2280 aut
1159 2228 1579 2280 doctissimorum
1606 2228 1831 2279 uirorum
1855 2227 2174 2281 auctoritati.

220 2313 354 2365 inter
371 2330 495 2381 quos
512 2311 735 2364 maxime
751 2310 944 2362 Tullius
960 2327 1062 2362 non
1076 2325 1281 2361 mouere
1297 2326 1387 2360 nos
1404 2325 1507 2360 non
1522 2316 1712 2376 potest,
1729 2308 1944 2376 superbe
1961 2308 2176 2359 nonnul-

222 2395 281 2445 lis
310 2395 544 2446 resistere
576 2393 857 2453 uideamur,
883 2392 925 2444 si
954 2391 1099 2443 uobis
1122 2391 1308 2459 placet,
1336 2390 1476 2458 prius
1505 2406 1671 2458 pauca
1701 2396 1881 2441 contra
1910 2407 1993 2441 eos
2021 2389 2179 2441 disse-

221 2491 346 2536 ram,
380 2475 565 2542 quibus
594 2475 837 2526 uidentur
861 2473 1243 2542 disputationes
1274 2471 1389 2524 illae
1421 2471 1685 2524 aduersari
1717 2471 1944 2532 ueritati,
1975 2471 2175 2525 deinde.

220 2565 276 2608 ut
305 2556 428 2607 mihi
459 2556 678 2617 uidetur,
709 2556 996 2613 ostendam,
1029 2571 1157 2622 quae
1187 2570 1343 2605 causa
1391 2553 1544 2606 fuerit
1568 2553 1888 2609 Academicis
1917 2552 2178 2604 occultan-

217 2638 313 2689 dae
342 2637 629 2689 sententiae
656 2654 792 2688 suae.
825 2637 1017 2704 itaque,
1043 2635 1211 2703 Alypi,
1244 2635 1480 2703 quamuis
1508 2641 1559 2687 te
1592 2642 1760 2687 totum
1787 2634 1839 2685 in
1866 2634 1991 2686 meis
2020 2634 2178 2701 parti-

220 2718 313 2770 bus
345 2719 566 2780 uideam,
599 2725 775 2770 tamen
804 2718 1004 2785 suscipe
1037 2733 1126 2784 pro
1158 2716 1235 2768 his
1266 2716 1533 2784 paululum
1564 2716 1791 2783 mihique
1823 2717 2086 2783 responde.
2116 2746 2179 2750 ——

350 2930 398 2972 21
423 2928 508 2972 Cic.
532 2927 648 2970 Lael.
671 2927 720 2970 20

348 3061 372 3101 2
394 3059 501 3104 mihi
521 3061 657 3105 ornssl
715 3060 852 3105 6810
879 3060 1087 3116 protheus
1109 3060 1220 3103 codd.
1303 3061 1326 3102 7
1351 3057 1698 3113 intentioneione
1720 3059 1838 3113 (corr.
1854 3055 1942 3109 m2)
1961 3058 1996 3099 P
2063 3057 2086 3099 8
2109 3057 2178 3100 ille

219 3135 355 3178 om.M
415 3133 690 3178 lOindicitur
706 3135 815 3176 Hm]
894 3135 1074 3177 Proteus
1094 3134 1232 3176 omM
1302 3136 1353 3176 14
1366 3134 1497 3177 huius
1511 3132 1630 3176 uitae
1651 3133 1786 3177 omui!
1869 3134 1916 3174 17
1931 3129 2177 3184 aestimem]

222 3210 288 3251 est
307 3208 359 3249 M
516 3207 878 3251 familiarissonus
906 3209 944 3250 P
1110 3208 1163 3251 18
1185 3220 1337 3250 uerum
1362 3207 1398 3248 T
1428 3207 1495 3249 uel
1518 3207 1658 3250 HMP
1827 3206 1878 3248 19
1898 3205 2108 3261 relegione
2138 3205 2177 3246 P

221 3280 453 3325 amici-*P
562 3281 774 3325 iudicium
798 3282 839 3324 H
949 3283 994 3325 21
1023 3281 1330 3325 beneuolentia
1359 3280 1498 3323 HMT
1599 3282 1651 3323 23
1672 3283 1858 3334 poscant
1878 3293 1958 3323 ras.
1983 3280 2008 3322 6
2031 3279 2113 3322 litt.
2144 3279 2178 3320 P

223 3354 275 3397 24
297 3353 523 3397 effundere
543 3355 596 3396 M
618 3353 838 3398 offendere
863 3355 967 3399 Pml
1086 3355 1139 3396 26
1163 3354 1360 3399 resistere
1382 3354 1589 3397 uidemur
1616 3356 1652 3397 P
1674 3354 1904 3397 uideamur
1927 3354 2122 3396 resistere
2139 3352 2178 3395 T

221 3427 458 3471 edisseram
473 3428 512 3470 T
570 3430 622 3472 27
638 3429 828 3472 ueritate
846 3429 957 3471 Hm]
1012 3429 1063 3473 30
1079 3429 1146 3471 his
1161 3429 1200 3485 (s
1214 3428 1301 3482 m2)
1319 3428 1355 3470 P
1405 3427 1626 3485 paulolum
1642 3427 1694 3470 M
1754 3440 1777 3470 o
1792 3426 1897 3470 mihi
1913 3427 2005 3481 (om.
2025 3429 2126 3482 que)
2144 3426 2180 3467 Ρ
