2398 3724
1055 186 1351 226 Praefatio.
2123 169 2156 221 ὃ

259 335 348 400 qui
375 333 558 386 eodem
587 335 696 385 fere
725 338 961 399 tempore
990 329 1224 382 codicem
1254 328 1575 394 emendauit,
1598 345 1663 381 ex
1687 330 1994 396 exemplari,
2018 329 2157 390 unde

258 421 555 488 descriptus
595 426 722 483 erat,
764 418 1009 486 suppleta
1050 422 1188 469 sunt.
1244 416 1377 468 alias
1417 406 1591 467 autem
1633 416 1852 468 lacunas
1893 417 1964 484 (p.
1994 417 2042 482 5,
2076 417 2157 470 11.

258 507 342 572 20,
385 506 469 556 26.
512 506 596 571 22,
642 506 722 557 13.
766 504 850 570 29,
892 505 976 556 25.
1021 505 1105 569 31,
1147 504 1194 555 2.
1238 502 1321 568 39,
1366 502 1448 554 24.
1490 502 1575 567 49,
1598 501 1689 562 20.
1722 501 1811 568 28)
1849 502 1954 553 iam
1994 502 2046 554 in
2075 519 2156 555 co-

257 593 389 659 dice⁷
432 593 572 645 unde
613 592 889 645 deriuatus
929 597 1027 656 est,
1068 590 1312 642 extitisse
1353 607 1418 642 ex
1447 605 1711 642 consensu
1739 588 1978 640 codicum
2011 588 2158 640 HMP

255 687 488 748 apparet.
544 680 676 746 alter
723 685 898 730 autem
941 678 1202 742 librarius,
1257 677 1347 742 qui
1388 676 1646 742 reliquam
1687 675 2000 743 particulam
2039 675 2158 728 libri

256 767 349 818 III.
396 767 449 819 C.
493 766 659 818 Acad.
702 773 753 817 et
793 765 954 817 libros
995 764 1077 816 De
1116 765 1293 815 ordine
1334 762 1522 815 litteris
1563 762 1726 814 multo
1761 761 2099 814 nitidioribus
2127 779 2157 812 a

256 853 289 905 f.
322 854 410 904 33r
465 852 612 905 ad-f.
645 852 734 902 78Γ
777 851 1036 916 exarauit,
1093 851 1255 902 multo
1309 850 1624 917 diligentius
1676 866 1783 901 rem
1837 849 2020 916 gessit.
2074 849 2157 901 de-

256 941 483 1009 scriptus
532 947 613 992 est
659 945 836 991 autem
891 955 957 991 ex
1006 938 1204 1002 codice,
1259 938 1365 1003 qui,
1409 937 1544 989 sicut
1583 952 1875 989 consensus
1914 934 2154 987 codicum

255 1028 404 1080 HMP
443 1027 660 1091 indicat,
702 1034 752 1078 et
792 1026 997 1078 lacunis
1038 1024 1355 1091 quibusdam
1397 1030 1448 1076 et
1489 1023 1695 1076 mendis
1723 1039 1826 1075 non
1857 1021 2042 1090 paucis
2071 1022 2156 1074 de-

256 1121 507 1183 prauatus
546 1119 672 1179 erat,
715 1113 852 1166 sicut
892 1113 1114 1165 lacunae
1156 1129 1202 1179 p.
1233 1112 1280 1176 ὃ,
1332 1112 1408 1163 11.
1453 1111 1537 1174 20,
1580 1110 1663 1162 26.
1707 1108 1792 1175 22,
1844 1109 1916 1160 13.
1950 1108 2035 1174 29,
2070 1108 2153 1160 25.

255 1201 339 1266 31,
370 1201 416 1254 2.
461 1202 544 1265 39,
588 1201 670 1252 24.
714 1200 799 1265 49,
842 1199 926 1252 20.
970 1199 1036 1250 28
1077 1199 1142 1265 al.
1186 1198 1504 1265 ostendunt3
1555 1197 1647 1250 sed
1689 1198 1756 1249 ab
1797 1196 2155 1263 interpolatio-

257 1289 411 1341 nibus
453 1288 699 1340 immunis
738 1294 864 1339 erat.

326 1375 551 1427 Maurini
605 1374 840 1427 codicem
894 1374 946 1424 in
1000 1372 1311 1425 adornanda
1365 1372 1596 1424 editione
1646 1388 1741 1424 sua
1781 1370 2154 1435 adhibuerunt,

255 1464 388 1514 sicut
429 1479 495 1514 cx
537 1461 691 1514 lineis
733 1461 1015 1512 rubricatis
1056 1460 1483 1527 discrepantibus
1523 1459 1651 1511 locis
1678 1457 2030 1526 superpositis
2058 1457 2155 1509 col-

254 1550 454 1616 ligitur-3
498 1549 661 1600 multa
702 1549 859 1600 ctiam
901 1547 1024 1602 inde
1067 1548 1118 1598 in
1160 1547 1447 1599 editionem
1489 1551 1819 1614 receperunt.
1875 1545 1934 1596 In
1986 1543 2155 1596 ortho-

253 1636 522 1704 graphicis
574 1636 673 1689 sibi
727 1653 828 1687 non
885 1642 1108 1700 constat,
1162 1652 1276 1686 cum
1334 1634 1543 1686 litterae
1585 1648 1852 1686 consonae
1892 1630 2154 1700 praeposi-

254 1725 455 1776 tionum
508 1724 561 1774 in
605 1724 781 1776 uerbis
822 1723 1128 1791 compositis
1170 1739 1272 1774 non
1314 1722 1510 1786 ubique
1551 1720 1924 1773 assimilentur.
1979 1725 2152 1770 tamen

254 1828 371 1863 cum
415 1817 593 1878 utpote
635 1810 1056 1862 uetustissimum
1098 1810 1149 1860 in
1192 1806 1615 1875 orthographicis
1657 1813 1872 1859 secutus
1913 1822 2043 1857 sum.

325 1897 571 1950 Codicem
614 1896 981 1947 Vindobonam
1036 1896 1255 1948 missum
1299 1895 1609 1947 Vincentius
1651 1893 1896 1946 Lekusch
1946 1909 2153 1945 accura-

253 1984 453 2036 tissime
494 1983 739 2049 contulit3
792 1990 1065 2050 praeterea
1113 1982 1335 2034 adhibui
1384 1982 1593 2034 tabulas
1642 1981 1774 2033 lucis
1822 1997 1919 2048 ope
1967 1979 2154 2044 factas,

253 2088 383 2137 quas
425 2070 872 2138 photographicas
916 2076 1120 2121 uocant.
1165 2070 1229 2121 de
1271 2087 1332 2121 eo
1374 2069 1531 2120 etiam
1574 2069 1619 2121 J.
1665 2067 1847 2135 Zycha
1888 2068 1941 2118 in
1983 2066 2154 2119 CSEL

254 2158 353 2209 uol.
399 2158 493 2209 LX
535 2176 581 2226 p.
626 2157 760 2208 XIII
792 2174 868 2222 sq.
912 2157 1096 2224 paucis
1137 2156 1265 2223 agit.

328 2244 507 2296 Codex
563 2245 604 2294 H
627 2244 896 2295 arleian
923 2260 998 2295 us·
1049 2261 1095 2294 n.
1135 2242 1274 2293 3039
1330 2243 1589 2309 signatus,
1642 2243 1855 2294 membr.
1899 2241 1986 2292 fol.
2035 2239 2152 2304 110,

253 2331 434 2394 304><
463 2330 566 2380 230
595 2348 732 2394 mm„
775 2347 910 2382 saec.
954 2331 1017 2380 X.
1058 2331 1125 2381 in.
1181 2329 1262 2381 ucl
1316 2330 1409 2381 IX.
1453 2346 1551 2393 ex„
1606 2337 1660 2379 ut
1714 2328 1761 2380 J.
1811 2329 1868 2379 A.
1925 2327 2152 2379 Herbert

254 2417 611 2469 Londincnsis
653 2417 867 2480 iudicat,
922 2417 1111 2468 litteris
1153 2416 1502 2482 Carolingicis
1543 2414 1869 2466 minusculiss
1894 2414 2150 2480 scriptus3

253 2505 497 2571 singulae
527 2503 753 2572 paginac
783 2503 1153 2555 undetricenas
1183 2503 1350 2555 lineas
1379 2502 1666 2554 continent.
1697 2500 1798 2551 fuit
1826 2500 1947 2551 olim
1971 2499 2148 2552 biblio-

253 2591 436 2643 thecae
484 2590 789 2642 monasterii
842 2590 1239 2641 Arnsteinensis
1287 2590 1338 2640 in
1388 2588 1619 2640 dioecesi
1659 2587 1958 2651 Treuerica,
2012 2584 2150 2651 quod

254 2695 319 2729 ex
371 2684 494 2728 nota
548 2678 599 2728 in
654 2677 824 2729 fronte
885 2677 971 2728 fol.
1029 2677 1058 2725 2
1119 2677 1316 2744 scripta
1376 2675 1665 2741 colligitur:
1729 2675 1886 2725 Liber
1936 2680 2151 2725 sanctae

255 2766 472 2815 *Uarine
514 2767 568 2814 m
609 2766 874 2831 Arystet'n.
929 2764 1254 2832 praecedunt
1312 2764 1354 2814 1.
1392 2763 1474 2814 De
1520 2763 1710 2814 Genesi
1749 2766 1927 2814 contra
1967 2760 2150 2811 Blam-

254 2852 396 2903 choos
448 2869 477 2902 a
531 2850 563 2901 f.
610 2853 628 2899 l
686 2850 753 2901 ad
796 2854 878 2915 50,
922 2852 967 2901 2.
1028 2851 1217 2903 Contra
1270 2848 1547 2915 epistulam
1593 2849 1925 2916 fundamenti
1965 2847 2150 2897 „Mam-

254 2938 487 2989 cheormn
529 2936 654 2987 liber
697 2955 827 2988 emtus
868 2955 897 2987 a
940 2938 971 2987 f.
1004 2937 1072 2986 30
1112 2937 1177 2988 ad
1219 2936 1315 3003 493
1359 2942 1653 3001 sequuntur
1693 2935 1814 2986 inde
1855 2953 1881 2984 a
1921 2932 1953 2983 f.
1986 2932 2052 2980 49
2081 2931 2148 2983 ad

254 3023 287 3074 f.
332 3023 398 3072 84
442 3023 903 3073 Achademcorum
955 3022 1074 3073 libri
1123 3028 1220 3073 tres
1268 3030 1317 3074 et
1357 3041 1387 3073 a
1427 3023 1460 3073 f.
1493 3022 1561 3072 84
1601 3021 1667 3072 ad
1714 3020 1812 3071 llO
1852 3020 1934 3071 De
1973 3019 2150 3070 ordine

256 3109 374 3160 lum
428 3110 540 3159 (luo.
570 3098 763 3159 'codex
807 3108 856 3159 in
901 3110 1166 3176 plerisque
1208 3125 1324 3160 cum
1367 3108 1606 3161 Parisino
1652 3090 1821 3158 13369
1869 3105 2148 3168 consentit,

255 3213 371 3247 cum
413 3194 521 3247 fere
563 3196 759 3259 ubique
800 3195 985 3246 eadem
1028 3195 1215 3247 menda
1258 3194 1465 3260 habeat,
1516 3196 1663 3247 uelut
1714 3193 1972 3244 exhibens
2013 3209 2059 3259 p.
2098 3191 2147 3256 ἵ),

257 3283 322 3331 24
366 3281 483 3332 illuc
537 3298 628 3348 pro
681 3281 834 3346 ullus,
895 3282 973 3346 17,
1023 3282 1082 3331 15
1129 3299 1230 3332 non
1270 3281 1547 3345 (Labicanis,
1602 3281 1688 3332 ubi
1733 3297 1843 3330 -non
1895 3279 2148 3343 abundat,

256 3369 338 3420 24.
382 3369 445 3417 27
490 3369 649 3418 currit
688 3384 779 3434 pro
818 3373 1059 3431 recurret,
1101 3367 1185 3431 44,
1216 3368 1538 3432 &predictam
1580 3383 1670 3434 pro
1710 3366 1961 3431 rediqam,
2002 3365 2086 3429 53,
2118 3363 2147 3412 9

255 3454 375 3519 falli
418 3471 508 3520 pro
548 3453 708 3520 salsa,
750 3453 835 3519 58,
871 3455 933 3502 14
975 3456 1020 3504 σι’
1060 3454 1222 3521 syllae
1264 3471 1354 3520 pro
1394 3456 1465 3504 eis
1510 3452 1691 3509 allaim
1736 3459 2009 3518 praeterea
2037 3466 2145 3502 eas-
