2398 3724
217 188 281 239 94
874 201 929 244 ΙΙ.
984 199 1068 244 Ι)9
1120 198 1317 243 bovata
1371 201 1517 244 uita

220 369 349 420 quae
375 352 596 421 ignoraS,
625 352 785 405 etiam
811 353 908 405 hoc
932 353 1312 407 numerandum
1340 351 1457 406 est?
1484 384 1549 388 —
1577 352 1694 405 Non
1719 360 1847 422 puto
1874 371 1972 418 me,
2000 356 2187 425 inquit,

218 435 392 486 omnia
421 434 630 487 nescire.
673 465 738 470 —-
774 434 995 487 Potesne
1024 434 1174 487 nobis
1202 435 1369 487 dicere
1399 434 1593 503 aliquid
1625 452 1818 498 eorum,
1852 453 1982 505 quae
2011 437 2187 491 nosti?

217 547 280 551 -—
316 516 549 578 Possum,
585 516 772 585 inquit.
809 547 874 552 ——
910 516 1023 569 Nisi
1057 516 1335 569 molestum
1370 524 1466 578 est,
1502 517 1733 585 inquam,
1770 518 1942 586 profer
1975 519 2186 588 aliquid.

216 628 281 633 —-
316 597 384 650 Et
420 614 535 650 cum
570 598 862 651 dubitaret:
904 598 1095 661 Scisne,
1131 598 1363 667 inquam,
1399 598 1584 651 saltem
1620 606 1671 651 te
1707 599 1918 652 uiuere?
1953 631 2021 637 ——
2057 601 2186 664 Scio,

217 680 401 748 inquit.
428 711 493 715 -
519 680 627 732 Scis
650 696 767 750 ergo
792 680 980 733 habere
1003 686 1055 732 te
1079 680 1262 741 uitam,
1288 680 1329 732 si
1355 680 1561 749 quidem
1587 680 1759 734 uiuere
1782 698 1932 734 nemo
1958 683 2055 735 nisi
2079 684 2188 737 uita

217 768 407 829 potest.
439 793 503 797 —
533 762 602 814 Et
632 762 743 825 hoc,
775 762 962 831 inquit,
994 762 1114 814 3010.
1146 793 1212 798 —-
1245 762 1353 814 Scis
1383 762 1542 815 etiam
1572 778 1757 832 corpus
1786 769 1838 816 te
1868 763 2094 817 habere?
2126 797 2191 801 —

218 843 638 897 Adsentiebatur.
671 874 736 879 ——
766 843 901 913 Ergo
931 844 1038 896 iam
1067 844 1166 897 scis
1196 850 1248 897 te
1280 851 1518 897 constare
1549 861 1613 896 ex
1644 861 1854 914 corpore
1885 852 1936 898 et
1968 847 2093 900 uita.
2127 879 2189 883 —

222 925 334 978 Scio
369 926 593 988 interim,
629 927 714 978 sed
750 932 926 979 utrum
960 926 1088 979 haec
1118 925 1227 978 sola
1260 926 1364 978 sint
1395 925 1622 979 incertus
1656 943 1785 979 sum.
1821 958 1887 963 —-
1918 927 2052 997 Ergo
2085 931 2187 982 duo

214 1008 334 1063 ista.
367 1008 597 1076 inquam,
630 1025 740 1060 esse
770 1024 874 1060 non
903 1007 1133 1070 dubitas,
1167 1024 1351 1077 corpus
1382 1015 1434 1061 et
1465 1008 1710 1071 animam,
1744 1010 1830 1061 sed
1862 1009 2087 1063 incertus
2119 1029 2187 1074 eS,

219 1097 392 1142 utrum
414 1089 481 1142 sit
501 1089 656 1150 aliud,
677 1090 811 1158 quod
829 1090 894 1142 ad
916 1089 1263 1159 conplendum
1283 1107 1344 1142 ac
1357 1090 1729 1159 perficiendum
1751 1091 2011 1144 hominem
2033 1093 2187 1147 ualet.

216 1202 280 1207 -—
297 1171 396 1232 Ita,
412 1171 598 1240 inquit.
615 1203 680 1229 -ε
696 1172 809 1226 Hoc
825 1171 974 1241 quale
990 1172 1073 1234 sit,
1090 1172 1235 1235 alias5
1252 1172 1293 1225 si
1308 1189 1599 1241 possumus,
1620 1189 1940 1241 quaeremus,
1956 1174 2186 1243 inquam.

219 1269 357 1305 nunc
382 1253 506 1305 illud
533 1253 638 1306 iam
665 1271 728 1306 ex
755 1254 994 1306 omnibus
1024 1270 1229 1322 quaero,
1259 1271 1376 1306 cum
1404 1254 1664 1307 fateamur
1690 1255 1863 1308 cuncti
1889 1272 2055 1325 neque
2082 1257 2188 1310 sine

217 1351 426 1403 corpore
460 1352 625 1403 neque
659 1336 766 1388 sine
800 1336 975 1388 anima
1007 1353 1117 1389 esse
1150 1353 1299 1405 posse
1332 1336 1610 1393 hominem,
1648 1336 1786 1389 cibos
1820 1344 2033 1407 propter
2066 1339 2186 1406 quid

217 1417 400 1469 horum
415 1424 741 1486 appetamus
759 1449 824 1453 —
835 1418 1053 1488 Propter
1067 1434 1268 1487 coerS,
1284 1418 1455 1487 inquit
1469 1418 1818 1472 LicentiuS.—-
1832 1419 1996 1472 Ceteri
2012 1427 2186 1473 autem

218 1499 603 1552 cunctabantur
637 1500 883 1568 uarioque
919 1517 1150 1553 sermone
1185 1501 1320 1553 inter
1353 1518 1404 1553 se
1439 1500 1681 1569 agebant,
1730 1503 1987 1569 quomodo
2023 1502 2189 1571 possit

217 1588 428 1650 propter
464 1597 648 1650 eorpus
692 1582 836 1634 cibus
874 1582 1194 1635 necessarius
1233 1583 1412 1643 uideri,
1454 1598 1569 1634 curn
1608 1589 1943 1652 appeteretur
1979 1592 2191 1653 propter

218 1664 383 1716 uitam
412 1670 464 1716 et
491 1663 602 1716 uita
632 1681 735 1717 non
762 1664 862 1717 nisi
891 1665 956 1717 ad
983 1665 1211 1717 animam
1237 1665 1534 1733 pertineret.
1561 1700 1626 1705 ——
1648 1665 1779 1717 Tum
1808 1683 1923 1734 ego:
1949 1666 2185 1729 Uidetur,

216 1746 447 1814 inquam,
477 1745 623 1799 uobis
646 1747 709 1798 ad
738 1763 852 1799 eam
879 1753 1083 1815 partem
1116 1746 1288 1799 cibum
1322 1747 1593 1815 pertinere,
1631 1764 1787 1815 quam
1821 1747 1933 1799 cibo
1968 1763 2188 1801 crescere

217 1827 663 1896 robustioremque
679 1828 790 1880 fieri
813 1829 1049 1881 uidemus
1065 1827 1087 1879 t>
1110 1859 1175 1864 ——
1189 1824 1855 1898 Adsentiebantursspraeter
1868 1829 2186 1899 Trygetium.

217 1909 291 1962 ait
316 1909 476 1963 enim:
502 1909 604 1961 Cur
627 1927 716 1979 ego
742 1927 846 1962 non
870 1927 961 1980 pro
987 1911 1248 1963 edacitate
1271 1927 1388 1963 mea
1412 1909 1586 1963 creui?
1611 1942 1678 1947 ——
1699 1910 1930 1974 Modum,
1955 1912 2186 1980 inquam,

217 2008 366 2043 suum
394 2009 423 2044 a
449 1999 638 2044 natura
662 1993 1008 2045 constitutum
1033 1992 1229 2045 habent
1252 1993 1426 2045 onmia
1448 2009 1678 2061 corpora,
1706 1993 1841 2045 ultra
1866 2010 2023 2061 quam
2048 2011 2189 2047 men-

217 2089 390 2125 suram
423 2074 657 2142 progredi
692 2081 972 2142 nequeant.
1010 2081 1189 2127 tamen
1222 2092 1282 2127 ea
1314 2091 1556 2126 mensura
1588 2075 1789 2126 minora
1820 2082 2009 2136 essent,
2044 2075 2085 2127 si
2118 2076 2189 2128 eis

217 2154 466 2207 alimenta
499 2155 812 2219 defuissent3
855 2157 989 2224 quod
1024 2163 1075 2209 et
1106 2156 1158 2207 in
1188 2155 1459 2225 pecoribus
1490 2155 1692 2209 facilius
1722 2156 2188 2210 animaduertimus

218 2244 269 2288 91
299 2253 449 2289 1191110
481 2236 693 2290 dubitat
724 2237 851 2290 cibis
882 2237 1165 2291 subtractis
1196 2238 1428 2290 omnium
1459 2238 1806 2291 animantium
1837 2254 2051 2307 corpora
2080 2256 2189 2291 ma-

218 2334 428 2371 cescere.
458 2350 523 2354 —
548 2319 850 2382 Macescere,
878 2320 1050 2389 inquit
1077 2320 1357 2383 LicentiUS,
1387 2337 1489 2373 non
1517 2321 1821 2373 decrescere.
1851 2351 1918 2357 —
1947 2320 2083 2374 Satis
2110 2329 2189 2374 931

219 2401 357 2456 mihi,
379 2400 610 2469 inquam,
634 2403 696 2453 ad
720 2402 770 2453 id
796 2403 930 2470 quod
954 2402 1088 2455 uolo.
1131 2402 1323 2455 etenim
1346 2402 1580 2470 quaestio
1601 2409 1696 2464 est,
1720 2409 1896 2455 utrum
1916 2403 1980 2455 ad
2004 2419 2187 2471 corpus

218 2482 360 2534 cibus
389 2483 663 2549 pertineat.
693 2484 919 2551 pertinet
947 2491 1140 2546 autem,
1171 2500 1287 2536 cum
1317 2502 1374 2536 eo
1403 2483 1660 2536 subducto
1689 2485 1752 2536 ad
1782 2485 2002 2536 maciem
2028 2485 2188 2537 dedu-

218 2564 366 2616 citur.
409 2595 471 2600 —
507 2564 698 2616 Omnes
735 2565 808 2617 ita
846 2582 955 2617 esse
993 2572 1319 2619 censuerunt.

348 2716 366 2757 1
393 2716 541 2772 inquit
563 2717 600 2769 (t
622 2728 673 2758 ea:
695 2716 720 2758 d
742 2718 866 2772 corr.)
888 2718 945 2770 A,
964 2719 1047 2771 sere
1068 2730 1228 2774 semper
1307 2718 1454 2773 inquit
1474 2731 1543 2761 me
1566 2734 1593 2774 p
1711 2721 1734 2762 2
1758 2716 1955 2775 potesne]
1978 2722 2101 2775 potes
2122 2718 2187 2760 in·

217 2802 352 2845 quam
375 2790 497 2845 LMp
520 2796 700 2848 potesne
721 2792 905 2847 inquam
926 2806 994 2835 am
1141 2792 1309 2849 aliquid
1331 2805 1481 2836 eorum
1504 2792 1646 2836 dicere
1667 2793 1721 2835 Μ
1854 2795 1878 2836 4
1900 2793 2110 2836 hesitaret
2131 2794 2184 2836 M

218 2864 367 2907 saltim
390 2866 430 2908 A
508 2869 551 2909 te
573 2865 710 2908 omn]
800 2866 824 2907 5
846 2869 890 2909 te
912 2866 1073 2910 habere
1094 2866 1148 2909 M
1257 2868 1283 2910 6
1304 2866 1406 2924 scis]
1427 2868 1582 2923 scir*(e
1607 2869 1712 2924 ras·)
1733 2868 1772 2910 A
1850 2866 2010 2911 habere
2032 2871 2076 2909 te
2096 2881 2187 2911 cor-

218 2952 297 2995 pus
318 2938 353 2980 L
375 2942 418 2981 te
441 2940 600 2983 habere
624 2948 667 2983 te
690 2954 848 2996 corpus
870 2940 924 2982 Μ
946 2947 989 2985 19
1011 2953 1168 2998 corpus
1191 2940 1231 2983 h.
1255 2955 1285 2996 p
1375 2946 1398 2988 7
1420 2945 1464 2985 te
1485 2942 1566 2985 scis
1587 2956 1616 2998 p
1695 2942 1748 2986 10
1770 2942 2135 2999 complacendum
2157 2957 2186 2998 p

221 3015 268 3057 11
292 3013 491 3069 quale*(s
512 3015 614 3070 ras.)
637 3016 677 3057 A
794 3027 1056 3072 quaeramus
1076 3015 1144 3071 Isp
1273 3018 1322 3061 12
1344 3030 1397 3060 ex
1417 3016 1466 3059 in
1485 3030 1567 3060 ras.
1583 3016 1695 3060 mIA
1813 3018 1864 3061 13
1887 3030 2039 3074 pos*se
2061 3017 2115 3072 (e,
2138 3019 2183 3058 ut

222 3088 501 3143 addetumml)
524 3089 565 3131 A
661 3091 711 3132 14
735 3102 858 3132 orum
882 3091 922 3132 A
1022 3090 1073 3132 15
1095 3089 1211 3139 se*A
1304 3095 1452 3148 posset
1473 3091 1565 3134 LM
1588 3091 1674 3133 edd.
1767 3094 1915 3149 posset
1935 3094 2026 3147 post
2046 3090 2184 3134 uideri

218 3161 378 3205 exhibet
400 3163 453 3206 Μ
581 3166 630 3209 17
652 3161 847 3220 nonsjnisi
871 3164 909 3206 A
1023 3164 1243 3221 pertinere
1264 3165 1319 3208 M
1446 3166 1499 3209 19
1520 3163 1848 3210 assentiebatur
1867 3166 1989 3209 Mml
2107 3165 2183 3209 tri—

218 3237 385 3292 getium
411 3238 451 3279 A
544 3238 595 3283 20
619 3237 716 3295 ego]
738 3252 837 3295 ergo
859 3238 983 3282 Mam
1083 3252 1159 3297 pro
1181 3239 1403 3283 edacitate
1425 3251 1525 3284 mea
1545 3253 1631 3283 non
1654 3239 1771 3283 creui
1794 3255 1823 3296 p
1919 3240 2049 3282 modo
2072 3240 2182 3283 Am]

219 3313 270 3355 22
291 3312 463 3356 minora
494 3311 657 3368 essent]
691 3312 1018 3357 minorarentur
1049 3313 1102 3356 M
1193 3314 1245 3358 23
1280 3314 1535 3371 peccoribus
1569 3314 1665 3358 ΑΜ
1744 3316 1793 3359 24
1816 3311 2014 3368 dubitat]
2048 3315 2088 3357 d.
2118 3314 2182 3356 in-

218 3384 319 3441 quit
338 3385 464 3429 MmZ
578 3399 840 3431 marcescere
859 3387 911 3429 Μ
916 3403 943 3443 p
963 3401 1227 3433 macrescere
1248 3400 1289 3431 m
1405 3389 1457 3434 25
1479 3390 2026 3433 marcescere-decrescere
2046 3387 2183 3431 om.M

220 3461 273 3504 26
294 3459 336 3503 id
358 3460 450 3502 add.
469 3463 579 3503 Am]
595 3459 658 3504 sl.
760 3463 811 3506 28
832 3467 1103 3506 censuerunt
1124 3462 1188 3505 ita
1210 3476 1300 3506 esse
1321 3478 1349 3519 p

2225 702 2248 738 5

2227 1112 2280 1148 10

2227 1520 2278 1556 15

2224 2339 2276 2374 25
