2398 3724
106 1114 156 1151 ¹⁰

990 171 1033 214 Π
1075 172 1140 223 20,
1180 171 1345 214 52-54
2060 159 2157 212 185

187 333 293 378 tem
310 326 509 378 uenisse
525 326 690 377 credo.
710 341 785 376 res
803 324 939 375 enim
956 324 1180 375 multum
1195 323 1481 375 necessaria
1498 323 1623 375 mihi
1644 340 1850 392 prorsus
1870 324 2149 387 exciderat,

191 424 345 475 quam
374 407 425 458 in
455 407 539 458 illo
570 406 678 458 uiro
707 438 771 441 —
798 406 837 457 si
870 405 993 474 quid
1022 405 1209 457 litteris
1238 405 1518 457 memoriae
1547 405 1810 458 mandatis
1841 408 2153 459 credendum

189 495 289 550 est3
318 488 554 555 quamuis
571 487 791 540 Uarroni
818 487 930 555 quis
955 504 1058 539 non
1083 486 1297 539 credat?
1319 486 1572 538 ——mirari
1596 495 1647 538 et
1672 504 1833 554 paene
1859 487 2153 550 cotidianis,

190 577 246 621 ut
268 570 382 624 scis,
399 569 586 621 ecferre
608 569 847 621 laudibus
870 568 1022 625 soleo,
1042 570 1179 636 quod
1201 569 1451 636 regendae
1474 568 1543 619 rei
1566 568 1802 635 publicae
1824 568 2154 637 disciplinam

189 650 291 702 suis
334 650 658 702 auditoribus
702 650 941 702 ultimam
982 650 1227 702 tradebat
1267 649 1370 701 iam
1412 649 1580 702 doctis
1620 649 1725 700 iam
1766 650 2008 718 perfectis
2048 651 2153 703 iam

189 732 510 799 sapientibus
535 732 637 783 iam
665 731 846 783 beatis.
874 738 1051 783 tantos
1076 731 1147 782 ibi
1170 730 1309 783 enim
1337 730 1528 783 fluctus
1556 730 1786 788 uidebat,
1814 740 1872 783 ut
1898 732 1968 783 eis
1994 732 2156 785 nollet

190 813 514 864 committere
555 813 651 863 nisi
695 813 880 869 uirum,
925 813 1010 880 qui
1053 820 1103 865 et
1144 812 1195 864 in
1236 814 1457 880 regendo
1498 830 1659 880 paene
1700 812 1874 864 diuine.
1915 814 2153 881 scopulos

189 894 410 946 euitaret
444 902 510 952 et,
545 894 583 945 si
620 894 791 946 onmia
824 894 1150 955 defecissent,
1182 894 1290 962 ipse
1322 893 1418 945 illis
1452 894 1699 945 fluctibus
1735 894 1880 962 quasi
1912 895 2155 963 scopulus

191 975 352 1027 fieret.
391 977 453 1028 de
489 975 596 1027 solo
632 975 768 1026 enim
805 975 934 1043 sapit
952 983 1038 1028 nte
1077 975 1340 1027 uerissime
1376 975 1478 1028 dici
1514 984 1712 1043 potest:

322 1101 458 1152 ille
513 1102 727 1152 uelut
781 1101 1037 1170 pelagi
1092 1118 1314 1169 rupes
1368 1101 1679 1154 immota
1731 1102 2054 1155 resistit

190 1233 239 1278 et
272 1234 457 1288 cetera,
494 1244 623 1294 quae
657 1227 930 1279 luculentis
963 1227 1015 1278 in
1048 1227 1182 1278 hanc
1213 1226 1529 1279 sententiam
1564 1227 1796 1278 uersibus
1834 1227 1978 1279 dicta
2011 1233 2151 1280 sunt.

322 1322 420 1374 Hic
449 1322 566 1374 finis
594 1323 966 1391 disputationis
996 1323 1165 1375 factus
1194 1331 1271 1375 est
1300 1323 1553 1391 laetisque
1581 1323 1817 1375 omnibus
1847 1330 1898 1376 et
1926 1324 2153 1376 multum

188 1404 517 1471 sperantibus
574 1421 867 1457 consessum
920 1404 1227 1467 dimisimus,
1284 1422 1398 1456 eum
1453 1405 1557 1457 iam
1612 1412 1925 1457 nocturnum
1978 1406 2154 1458 lumen

191 1484 370 1537 fuisset
408 1485 646 1538 inlatum.

322 1725 372 1767 10
398 1725 523 1782 ἵεις.
552 1726 660 1768 Aen.
686 1725 772 1768 vn
795 1726 875 1769 :385

321 1857 345 1898 ‘2
368 1857 419 1900 de
438 1857 597 1900 litteris
610 1872 634 1899 α
711 1860 734 1900 4
758 1857 916 1901 ecferre
933 1858 1203 1914 scripsihaec
1226 1858 1333 1900 ferre
1350 1856 1722 1902 AHmJMmJPT
1739 1859 1892 1902 efferre
1907 1859 2151 1903 Hmaum?

194 1932 281 1973 edd·
383 1931 594 1987 gerendae
614 1931 649 1972 T
775 1932 973 1986 publicae
997 1933 1054 1974 rei
1076 1934 1129 1976 ,il
1242 1933 1267 1975 ἶ)
1289 1933 1495 1975 trahebat
1516 1933 1624 1974 Am]
1741 1933 1765 1974 6
1788 1933 1905 1976 enim
1927 1934 1988 1977 ibi
2010 1936 2152 1978 AMT

195 2007 216 2046 7
239 2005 492 2061 permittere
516 2008 600 2049 AT
713 2005 889 2048 diuinae
915 2007 952 2048 P
1067 2007 1113 2047 11
1137 2005 1404 2049 luculentius
1424 2022 1449 2049 α
1565 2007 1643 2049 hac
1667 2008 1755 2049 ΗΡ
1868 2009 2086 2052 sententia
2114 2009 2153 2051 P

196 2081 245 2123 12
280 2079 378 2122 hinc
410 2081 448 2122 A
596 2079 822 2122 AL'RELI
856 2080 1145 2124 AGL'STINI
1171 2105 1178 2111 -
1202 2080 1282 2123 DE
1306 2080 1537 2123 ORDINE
1564 2103 1574 2111 -
1600 2080 1781 2124 LIBER
1804 2082 1881 2124 ·II-
1910 2082 2080 2126 EXPL.
2111 2083 2148 2125 P

195 2153 451 2196 AURELII
477 2143 785 2198 AUGUSTI&
812 2153 890 2196 DE
927 2144 1118 2197 ORDIN
1150 2155 1330 2197 LIBER
1358 2155 1438 2197 -ΙΙ-
1459 2153 1740 2198 EXPLICIT
1763 2157 1847 2199 AH
1870 2156 2148 2201 EXPLICIT

193 2227 380 2270 LIBER
398 2230 477 2271 -11-
499 2229 579 2272 DE
595 2228 828 2272 oiszE
848 2228 881 2269 T
904 2228 1184 2272 EXPLICIT
1201 2229 1382 2272 LIBER
1398 2229 1475 2271 -11-
1498 2216 1589 2275 's—o‘i
1614 2218 1736 2273 AUG
1751 2230 1830 2273 DE
1849 2230 2080 2275 ORDINE
2096 2233 2147 2275 M
