<?xml version="1.0" encoding="UTF-8"?>
<!DOCTYPE html PUBLIC "-//W3C//DTD XHTML 1.0 Transitional//EN"
    "http://www.w3.org/TR/xhtml1/DTD/xhtml1-transitional.dtd">
<html xmlns="http://www.w3.org/1999/xhtml" xml:lang="en" lang="en">
 <head>
  <title>
</title>
<meta http-equiv="Content-Type" content="text/html;charset=utf-8" />
  <meta name='ocr-system' content='tesseract 3.04.00' />
  <meta name='ocr-capabilities' content='ocr_page ocr_carea ocr_par ocr_line ocrx_word'/>
</head>
<body>
  <div class='ocr_page' id='page_1' title='image "./sanctiaureliaugu00auguuoft_0224.png"; bbox 0 0 2398 3724; ppageno 0'>
   <div class='ocr_carea' id='block_1_1' title="bbox 223 175 1479 232">
    <p class='ocr_par' dir='ltr' id='par_1_1' title="bbox 223 175 1479 232">
     <span class='ocr_line' id='line_1_1' title="bbox 223 175 1479 232; baseline 0.003 -5"><span class='ocrx_word' id='word_1_1' title='bbox 223 175 320 228; x_wconf 82' lang='lat'>184</span> <span class='ocrx_word' id='word_1_2' title='bbox 967 187 1049 232; x_wconf 91' lang='lat' dir='ltr'>III.</span> <span class='ocrx_word' id='word_1_3' title='bbox 1100 186 1185 231; x_wconf 89' lang='lat' dir='ltr'>De</span> <span class='ocrx_word' id='word_1_4' title='bbox 1237 187 1479 231; x_wconf 88' lang='lat' dir='ltr'>ordine</span> 
     </span>
    </p>
   </div>
   <div class='ocr_carea' id='block_1_2' title="bbox 212 340 2288 2634">
    <p class='ocr_par' dir='ltr' id='par_1_2' title="bbox 218 340 2258 987">
     <span class='ocr_line' id='line_1_2' title="bbox 222 340 2202 411; baseline 0.002 -17"><span class='ocrx_word' id='word_1_5' title='bbox 222 342 508 411; x_wconf 77' lang='lat' dir='ltr'>negotium,</span> <span class='ocrx_word' id='word_1_6' title='bbox 546 347 732 402; x_wconf 89' lang='lat' dir='ltr'>mater,</span> <span class='ocrx_word' id='word_1_7' title='bbox 779 340 1117 409; x_wconf 85' lang='lat' dir='ltr'>iniungimus,</span> <span class='ocrx_word' id='word_1_8' title='bbox 1159 340 1303 393; x_wconf 87' lang='lat' dir='ltr'>cuius</span> <span class='ocrx_word' id='word_1_9' title='bbox 1349 342 1589 409; x_wconf 87' lang='lat' dir='ltr'>precibus</span> <span class='ocrx_word' id='word_1_10' title='bbox 1635 343 2002 396; x_wconf 77' lang='lat' dir='ltr'>indubitanter</span> <span class='ocrx_word' id='word_1_11' title='bbox 2047 347 2202 398; x_wconf 88' lang='lat' dir='ltr'>credo</span> 
     </span>
     <span class='ocr_line' id='line_1_3' title="bbox 222 422 2199 494; baseline 0.002 -16"><span class='ocrx_word' id='word_1_12' title='bbox 222 432 381 494; x_wconf 88' lang='lat' dir='ltr'>atque</span> <span class='ocrx_word' id='word_1_13' title='bbox 417 423 669 476; x_wconf 92' lang='lat' dir='ltr'>confirmo</span> <span class='ocrx_word' id='word_1_14' title='bbox 703 422 830 474; x_wconf 91' lang='lat' dir='ltr'>mihi</span> <span class='ocrx_word' id='word_1_15' title='bbox 862 423 1021 475; x_wconf 89' lang='lat' dir='ltr'>istam</span> <span class='ocrx_word' id='word_1_16' title='bbox 1055 430 1286 476; x_wconf 80' lang='lat' dir='ltr'>mentem</span> <span class='ocrx_word' id='word_1_17' title='bbox 1319 426 1475 477; x_wconf 93' lang='lat' dir='ltr'>deum</span> <span class='ocrx_word' id='word_1_18' title='bbox 1508 425 1727 487; x_wconf 82' lang='lat' dir='ltr'>dedisse,</span> <span class='ocrx_word' id='word_1_19' title='bbox 1763 432 1823 478; x_wconf 91' lang='lat' dir='ltr'>ut</span> <span class='ocrx_word' id='word_1_20' title='bbox 1855 425 2199 481; x_wconf 89' lang='lat' dir='ltr'>inueniendae</span> 
     </span>
     <span class='ocr_line' id='line_1_4' title="bbox 221 505 2197 579; baseline 0.001 -20"><span class='ocrx_word' id='word_1_21' title='bbox 221 507 434 560; x_wconf 88' lang='lat' dir='ltr'>ueritati</span> <span class='ocrx_word' id='word_1_22' title='bbox 466 505 595 557; x_wconf 89' lang='lat' dir='ltr'>nihil</span> <span class='ocrx_word' id='word_1_23' title='bbox 627 505 839 558; x_wconf 91' lang='lat' dir='ltr'>omnino</span> <span class='ocrx_word' id='word_1_24' title='bbox 873 521 1210 574; x_wconf 78' lang='lat' dir='ltr'>praeponam,</span> <span class='ocrx_word' id='word_1_25' title='bbox 1247 506 1376 559; x_wconf 87' lang='lat' dir='ltr'>nihil</span> <span class='ocrx_word' id='word_1_26' title='bbox 1409 506 1549 561; x_wconf 89' lang='lat' dir='ltr'>aliud</span> <span class='ocrx_word' id='word_1_27' title='bbox 1586 507 1758 570; x_wconf 88' lang='lat' dir='ltr'>uelim,</span> <span class='ocrx_word' id='word_1_28' title='bbox 1794 507 1924 559; x_wconf 89' lang='lat' dir='ltr'>nihil</span> <span class='ocrx_word' id='word_1_29' title='bbox 1957 509 2197 579; x_wconf 81' lang='lat' dir='ltr'>cogitem,</span> 
     </span>
     <span class='ocr_line' id='line_1_5' title="bbox 221 587 2199 660; baseline 0.002 -20"><span class='ocrx_word' id='word_1_30' title='bbox 221 589 351 641; x_wconf 91' lang='lat' dir='ltr'>nihil</span> <span class='ocrx_word' id='word_1_31' title='bbox 376 605 563 650; x_wconf 87' lang='lat' dir='ltr'>amem,</span> <span class='ocrx_word' id='word_1_32' title='bbox 593 604 687 640; x_wconf 89' lang='lat' dir='ltr'>nec</span> <span class='ocrx_word' id='word_1_33' title='bbox 711 587 891 640; x_wconf 91' lang='lat' dir='ltr'>desino</span> <span class='ocrx_word' id='word_1_34' title='bbox 931 590 1134 641; x_wconf 88' lang='lat' dir='ltr'>credere</span> <span class='ocrx_word' id='word_1_35' title='bbox 1160 605 1251 641; x_wconf 90' lang='lat' dir='ltr'>nos</span> <span class='ocrx_word' id='word_1_36' title='bbox 1280 589 1377 640; x_wconf 94' lang='lat' dir='ltr'>hoc</span> <span class='ocrx_word' id='word_1_37' title='bbox 1408 594 1621 641; x_wconf 88' lang='lat' dir='ltr'>tantum</span> <span class='ocrx_word' id='word_1_38' title='bbox 1658 588 1800 653; x_wconf 93' lang='lat' dir='ltr'>boni,</span> <span class='ocrx_word' id='word_1_39' title='bbox 1840 592 1977 658; x_wconf 93' lang='lat' dir='ltr'>quod</span> <span class='ocrx_word' id='word_1_40' title='bbox 2004 598 2056 643; x_wconf 92' lang='lat' dir='ltr'>te</span> <span class='ocrx_word' id='word_1_41' title='bbox 2084 608 2199 660; x_wconf 94' lang='lat' dir='ltr'>pro-</span> 
     </span>
     <span class='ocr_line' id='line_1_6' title="bbox 220 670 2258 741; baseline 0.003 -18"><span class='ocrx_word' id='word_1_42' title='bbox 220 678 451 724; x_wconf 80' lang='lat' dir='ltr'>merente</span> <span class='ocrx_word' id='word_1_43' title='bbox 488 670 900 738; x_wconf 79' lang='lat' dir='ltr'>concupiuimuS,</span> <span class='ocrx_word' id='word_1_44' title='bbox 938 673 1120 725; x_wconf 89' lang='lat' dir='ltr'>eadem</span> <span class='ocrx_word' id='word_1_45' title='bbox 1155 678 1208 724; x_wconf 94' lang='lat' dir='ltr'>te</span> <span class='ocrx_word' id='word_1_46' title='bbox 1243 678 1455 739; x_wconf 90' lang='lat' dir='ltr'>petente</span> <span class='ocrx_word' id='word_1_47' title='bbox 1491 675 1789 741; x_wconf 89' lang='lat' dir='ltr'>adepturos.</span> <span class='ocrx_word' id='word_1_48' title='bbox 1827 672 1931 725; x_wconf 90' lang='lat' dir='ltr'>iam</span> <span class='ocrx_word' id='word_1_49' title='bbox 1969 690 2091 726; x_wconf 91' lang='lat' dir='ltr'>uero</span> <span class='ocrx_word' id='word_1_50' title='bbox 2125 680 2194 737; x_wconf 92' lang='lat' dir='ltr'>te,</span> <span class='ocrx_word' id='word_1_51' title='bbox 2233 692 2258 729; x_wconf 84' lang='lat'>5</span> 
     </span>
     <span class='ocr_line' id='line_1_7' title="bbox 219 752 2195 824; baseline 0.001 -18"><span class='ocrx_word' id='word_1_52' title='bbox 219 754 393 823; x_wconf 87' lang='lat' dir='ltr'>Alypi,</span> <span class='ocrx_word' id='word_1_53' title='bbox 433 753 557 822; x_wconf 91' lang='lat' dir='ltr'>quid</span> <span class='ocrx_word' id='word_1_54' title='bbox 592 753 785 815; x_wconf 88' lang='lat' dir='ltr'>horter,</span> <span class='ocrx_word' id='word_1_55' title='bbox 825 752 950 820; x_wconf 92' lang='lat' dir='ltr'>quid</span> <span class='ocrx_word' id='word_1_56' title='bbox 986 753 1266 805; x_wconf 80' lang='lat' dir='ltr'>moneam?</span> <span class='ocrx_word' id='word_1_57' title='bbox 1326 754 1413 822; x_wconf 91' lang='lat' dir='ltr'>qui</span> <span class='ocrx_word' id='word_1_58' title='bbox 1449 762 1725 824; x_wconf 87' lang='lat' dir='ltr'>propterea</span> <span class='ocrx_word' id='word_1_59' title='bbox 1759 754 1952 807; x_wconf 90' lang='lat' dir='ltr'>nimius</span> <span class='ocrx_word' id='word_1_60' title='bbox 1988 773 2092 808; x_wconf 93' lang='lat' dir='ltr'>non</span> <span class='ocrx_word' id='word_1_61' title='bbox 2127 774 2195 818; x_wconf 79' lang='lat' dir='ltr'>eS,</span> 
     </span>
     <span class='ocr_line' id='line_1_8' title="bbox 221 835 2198 906; baseline 0.001 -18"><span class='ocrx_word' id='word_1_62' title='bbox 221 837 342 905; x_wconf 91' lang='lat' dir='ltr'>quia</span> <span class='ocrx_word' id='word_1_63' title='bbox 371 836 501 889; x_wconf 87' lang='lat' dir='ltr'>talia</span> <span class='ocrx_word' id='word_1_64' title='bbox 532 835 873 904; x_wconf 91' lang='lat' dir='ltr'>quantumuis</span> <span class='ocrx_word' id='word_1_65' title='bbox 904 853 1079 889; x_wconf 89' lang='lat' dir='ltr'>amare</span> <span class='ocrx_word' id='word_1_66' title='bbox 1109 835 1329 888; x_wconf 86' lang='lat' dir='ltr'>fortasse</span> <span class='ocrx_word' id='word_1_67' title='bbox 1358 853 1562 905; x_wconf 81' lang='lat' dir='ltr'>semper</span> <span class='ocrx_word' id='word_1_68' title='bbox 1590 853 1792 906; x_wconf 89' lang='lat' dir='ltr'>parum,</span> <span class='ocrx_word' id='word_1_69' title='bbox 1824 837 2045 889; x_wconf 89' lang='lat' dir='ltr'>nimium</span> <span class='ocrx_word' id='word_1_70' title='bbox 2077 855 2198 891; x_wconf 89' lang='lat' dir='ltr'>uero</span> 
     </span>
     <span class='ocr_line' id='line_1_9' title="bbox 218 916 1050 987; baseline 0.001 -17"><span class='ocrx_word' id='word_1_71' title='bbox 218 935 509 987; x_wconf 78' lang='lat' dir='ltr'>numquam</span> <span class='ocrx_word' id='word_1_72' title='bbox 546 923 684 970; x_wconf 89' lang='lat' dir='ltr'>recte</span> <span class='ocrx_word' id='word_1_73' title='bbox 720 916 823 969; x_wconf 90' lang='lat' dir='ltr'>dici</span> <span class='ocrx_word' id='word_1_74' title='bbox 858 925 1050 986; x_wconf 85' lang='lat' dir='ltr'>potest.</span> 
     </span>
    </p>

    <p class='ocr_par' dir='ltr' id='par_1_3' title="bbox 214 999 2288 2059">
     <span class='ocr_line' id='line_1_10' title="bbox 350 999 2198 1068; baseline 0.001 -15"><span class='ocrx_word' id='word_1_75' title='bbox 350 1002 430 1054; x_wconf 78' lang='lat'>53.</span> <span class='ocrx_word' id='word_1_76' title='bbox 471 1000 572 1052; x_wconf 91' lang='lat' dir='ltr'>Hic</span> <span class='ocrx_word' id='word_1_77' title='bbox 606 999 712 1051; x_wconf 90' lang='lat' dir='ltr'>ille:</span> <span class='ocrx_word' id='word_1_78' title='bbox 753 999 885 1053; x_wconf 90' lang='lat' dir='ltr'>Uere</span> <span class='ocrx_word' id='word_1_79' title='bbox 922 999 1160 1063; x_wconf 77' lang='lat' dir='ltr'>effecisti,</span> <span class='ocrx_word' id='word_1_80' title='bbox 1197 1000 1386 1068; x_wconf 89' lang='lat' dir='ltr'>inquit,</span> <span class='ocrx_word' id='word_1_81' title='bbox 1434 1008 1492 1054; x_wconf 89' lang='lat' dir='ltr'>ut</span> <span class='ocrx_word' id='word_1_82' title='bbox 1529 1001 1836 1054; x_wconf 90' lang='lat' dir='ltr'>memoriam</span> <span class='ocrx_word' id='word_1_83' title='bbox 1872 1001 2198 1054; x_wconf 88' lang='lat' dir='ltr'>doctissimo-</span> 
     </span>
     <span class='ocr_line' id='line_1_11' title="bbox 217 1081 2288 1153; baseline 0.002 -19"><span class='ocrx_word' id='word_1_84' title='bbox 217 1099 332 1134; x_wconf 87' lang='lat' dir='ltr'>rum</span> <span class='ocrx_word' id='word_1_85' title='bbox 358 1100 418 1135; x_wconf 90' lang='lat' dir='ltr'>ac</span> <span class='ocrx_word' id='word_1_86' title='bbox 442 1098 751 1151; x_wconf 88' lang='lat' dir='ltr'>magnorum</span> <span class='ocrx_word' id='word_1_87' title='bbox 777 1081 1025 1145; x_wconf 89' lang='lat' dir='ltr'>uirorum,</span> <span class='ocrx_word' id='word_1_88' title='bbox 1055 1100 1186 1151; x_wconf 89' lang='lat' dir='ltr'>quae</span> <span class='ocrx_word' id='word_1_89' title='bbox 1211 1082 1495 1151; x_wconf 89' lang='lat' dir='ltr'>aliquando</span> <span class='ocrx_word' id='word_1_90' title='bbox 1520 1100 1612 1153; x_wconf 93' lang='lat' dir='ltr'>pro</span> <span class='ocrx_word' id='word_1_91' title='bbox 1638 1100 1808 1136; x_wconf 89' lang='lat' dir='ltr'>rerum</span> <span class='ocrx_word' id='word_1_92' title='bbox 1834 1083 2197 1152; x_wconf 80' lang='lat' dir='ltr'>magnitudine</span> <span class='ocrx_word' id='word_1_93' title='bbox 2234 1102 2288 1138; x_wconf 80' lang='grc' dir='ltr'>ιο</span> 
     </span>
     <span class='ocr_line' id='line_1_12' title="bbox 215 1164 2198 1234; baseline 0.001 -18"><span class='ocrx_word' id='word_1_94' title='bbox 215 1165 531 1218; x_wconf 89' lang='lat' dir='ltr'>incredibilis</span> <span class='ocrx_word' id='word_1_95' title='bbox 564 1164 860 1227; x_wconf 86' lang='lat' dir='ltr'>uidebatur,</span> <span class='ocrx_word' id='word_1_96' title='bbox 895 1171 946 1217; x_wconf 90' lang='lat' dir='ltr'>et</span> <span class='ocrx_word' id='word_1_97' title='bbox 978 1165 1242 1218; x_wconf 87' lang='lat' dir='ltr'>cotidiana</span> <span class='ocrx_word' id='word_1_98' title='bbox 1276 1165 1690 1219; x_wconf 76' lang='lat' dir='ltr'>consideratione</span> <span class='ocrx_word' id='word_1_99' title='bbox 1721 1173 1773 1218; x_wconf 89' lang='lat' dir='ltr'>et</span> <span class='ocrx_word' id='word_1_100' title='bbox 1802 1165 1905 1218; x_wconf 91' lang='lat' dir='ltr'>ista</span> <span class='ocrx_word' id='word_1_101' title='bbox 1936 1167 2198 1234; x_wconf 89' lang='lat' dir='ltr'>praesenti</span> 
     </span>
     <span class='ocr_line' id='line_1_13' title="bbox 221 1247 2195 1316; baseline 0.001 -17"><span class='ocrx_word' id='word_1_102' title='bbox 221 1265 352 1316; x_wconf 90' lang='lat' dir='ltr'>quae</span> <span class='ocrx_word' id='word_1_103' title='bbox 380 1248 434 1299; x_wconf 90' lang='lat' dir='ltr'>in</span> <span class='ocrx_word' id='word_1_104' title='bbox 461 1253 513 1300; x_wconf 89' lang='lat' dir='ltr'>te</span> <span class='ocrx_word' id='word_1_105' title='bbox 542 1247 691 1299; x_wconf 92' lang='lat' dir='ltr'>nobis</span> <span class='ocrx_word' id='word_1_106' title='bbox 721 1253 799 1299; x_wconf 92' lang='lat' dir='ltr'>est</span> <span class='ocrx_word' id='word_1_107' title='bbox 828 1247 1176 1301; x_wconf 84' lang='lat' dir='ltr'>admiratione</span> <span class='ocrx_word' id='word_1_108' title='bbox 1205 1264 1309 1299; x_wconf 92' lang='lat' dir='ltr'>non</span> <span class='ocrx_word' id='word_1_109' title='bbox 1336 1248 1502 1300; x_wconf 86' lang='lat' dir='ltr'>solum</span> <span class='ocrx_word' id='word_1_110' title='bbox 1532 1248 1748 1301; x_wconf 89' lang='lat' dir='ltr'>dubiam</span> <span class='ocrx_word' id='word_1_111' title='bbox 1778 1265 1883 1300; x_wconf 94' lang='lat' dir='ltr'>non</span> <span class='ocrx_word' id='word_1_112' title='bbox 1909 1248 2195 1301; x_wconf 86' lang='lat' dir='ltr'>habeamus</span> 
     </span>
     <span class='ocr_line' id='line_1_14' title="bbox 216 1329 2196 1399; baseline 0.001 -17"><span class='ocrx_word' id='word_1_113' title='bbox 216 1346 398 1383; x_wconf 91' lang='lat' dir='ltr'>uerum</span> <span class='ocrx_word' id='word_1_114' title='bbox 419 1329 597 1388; x_wconf 88' lang='lat' dir='ltr'>etiam,</span> <span class='ocrx_word' id='word_1_115' title='bbox 623 1329 663 1381; x_wconf 90' lang='lat' dir='ltr'>si</span> <span class='ocrx_word' id='word_1_116' title='bbox 686 1346 890 1382; x_wconf 90' lang='lat' dir='ltr'>necesse</span> <span class='ocrx_word' id='word_1_117' title='bbox 912 1330 996 1392; x_wconf 91' lang='lat' dir='ltr'>sit,</span> <span class='ocrx_word' id='word_1_118' title='bbox 1020 1333 1083 1384; x_wconf 90' lang='lat' dir='ltr'>de</span> <span class='ocrx_word' id='word_1_119' title='bbox 1102 1330 1189 1382; x_wconf 88' lang='lat' dir='ltr'>illa</span> <span class='ocrx_word' id='word_1_120' title='bbox 1209 1330 1378 1382; x_wconf 87' lang='lat' dir='ltr'>iurare</span> <span class='ocrx_word' id='word_1_121' title='bbox 1402 1330 1675 1399; x_wconf 71' lang='lat' dir='ltr'>possimus</span> <span class='ocrx_word' id='word_1_122' title='bbox 1703 1330 1827 1398; x_wconf 92' lang='lat' dir='ltr'>quid</span> <span class='ocrx_word' id='word_1_123' title='bbox 1850 1331 1987 1383; x_wconf 90' lang='lat' dir='ltr'>enim</span> <span class='ocrx_word' id='word_1_124' title='bbox 2005 1331 2028 1383; x_wconf 72' lang='lat' dir='ltr'>P</span> <span class='ocrx_word' id='word_1_125' title='bbox 2048 1331 2196 1383; x_wconf 93' lang='lat' dir='ltr'>nobis</span> 
     </span>
     <span class='ocr_line' id='line_1_15' title="bbox 218 1411 2197 1482; baseline 0.001 -18"><span class='ocrx_word' id='word_1_126' title='bbox 218 1430 389 1466; x_wconf 89' lang='lat' dir='ltr'>nonne</span> <span class='ocrx_word' id='word_1_127' title='bbox 413 1413 501 1465; x_wconf 90' lang='lat' dir='ltr'>illa</span> <span class='ocrx_word' id='word_1_128' title='bbox 525 1411 835 1464; x_wconf 84' lang='lat' dir='ltr'>uenerabilis</span> <span class='ocrx_word' id='word_1_129' title='bbox 860 1429 920 1464; x_wconf 90' lang='lat' dir='ltr'>ac</span> <span class='ocrx_word' id='word_1_130' title='bbox 943 1429 1102 1482; x_wconf 91' lang='lat' dir='ltr'>prope</span> <span class='ocrx_word' id='word_1_131' title='bbox 1126 1412 1306 1464; x_wconf 88' lang='lat' dir='ltr'>diuina</span> <span class='ocrx_word' id='word_1_132' title='bbox 1333 1430 1464 1481; x_wconf 87' lang='lat' dir='ltr'>quae</span> <span class='ocrx_word' id='word_1_133' title='bbox 1487 1413 1596 1466; x_wconf 88' lang='lat' dir='ltr'>iure</span> <span class='ocrx_word' id='word_1_134' title='bbox 1621 1420 1671 1465; x_wconf 93' lang='lat' dir='ltr'>et</span> <span class='ocrx_word' id='word_1_135' title='bbox 1695 1413 1878 1466; x_wconf 89' lang='lat' dir='ltr'>habita</span> <span class='ocrx_word' id='word_1_136' title='bbox 1904 1420 1981 1465; x_wconf 92' lang='lat' dir='ltr'>est</span> <span class='ocrx_word' id='word_1_137' title='bbox 2006 1420 2055 1466; x_wconf 89' lang='lat' dir='ltr'>et</span> <span class='ocrx_word' id='word_1_138' title='bbox 2081 1430 2197 1482; x_wconf 91' lang='lat' dir='ltr'>pro-</span> 
     </span>
     <span class='ocr_line' id='line_1_16' title="bbox 216 1494 2285 1569; baseline 0 -20"><span class='ocrx_word' id='word_1_139' title='bbox 216 1496 342 1549; x_wconf 88' lang='lat' dir='ltr'>bata</span> <span class='ocrx_word' id='word_1_140' title='bbox 373 1496 706 1565; x_wconf 83' lang='lat' dir='ltr'>Pythagorae</span> <span class='ocrx_word' id='word_1_141' title='bbox 735 1494 1013 1564; x_wconf 84' lang='lat' dir='ltr'>disciplina</span> <span class='ocrx_word' id='word_1_142' title='bbox 1042 1495 1134 1548; x_wconf 90' lang='lat' dir='ltr'>abs</span> <span class='ocrx_word' id='word_1_143' title='bbox 1165 1501 1216 1547; x_wconf 89' lang='lat' dir='ltr'>te</span> <span class='ocrx_word' id='word_1_144' title='bbox 1246 1495 1399 1547; x_wconf 90' lang='lat' dir='ltr'>hodie</span> <span class='ocrx_word' id='word_1_145' title='bbox 1430 1495 1619 1569; x_wconf 79' lang='lat' dir='ltr'>nostris</span> <span class='ocrx_word' id='word_1_146' title='bbox 1651 1495 1809 1547; x_wconf 89' lang='lat' dir='ltr'>etiam</span> <span class='ocrx_word' id='word_1_147' title='bbox 1842 1513 2004 1563; x_wconf 90' lang='lat' dir='ltr'>paene</span> <span class='ocrx_word' id='word_1_148' title='bbox 2037 1496 2195 1548; x_wconf 89' lang='lat' dir='ltr'>oculis</span> <span class='ocrx_word' id='word_1_149' title='bbox 2233 1513 2285 1549; x_wconf 80' lang='lat'>15</span> 
     </span>
     <span class='ocr_line' id='line_1_17' title="bbox 215 1577 2194 1646; baseline -0.001 -17"><span class='ocrx_word' id='word_1_150' title='bbox 215 1585 443 1631; x_wconf 88' lang='lat' dir='ltr'>reserata</span> <span class='ocrx_word' id='word_1_151' title='bbox 470 1584 563 1639; x_wconf 83' lang='lat' dir='ltr'>est,</span> <span class='ocrx_word' id='word_1_152' title='bbox 593 1594 710 1629; x_wconf 90' lang='lat' dir='ltr'>cum</span> <span class='ocrx_word' id='word_1_153' title='bbox 737 1584 788 1629; x_wconf 89' lang='lat' dir='ltr'>et</span> <span class='ocrx_word' id='word_1_154' title='bbox 814 1577 956 1631; x_wconf 87' lang='lat' dir='ltr'>uitae</span> <span class='ocrx_word' id='word_1_155' title='bbox 980 1577 1182 1646; x_wconf 87' lang='lat' dir='ltr'>regulas</span> <span class='ocrx_word' id='word_1_156' title='bbox 1209 1584 1259 1630; x_wconf 88' lang='lat' dir='ltr'>et</span> <span class='ocrx_word' id='word_1_157' title='bbox 1284 1578 1534 1630; x_wconf 88' lang='lat' dir='ltr'>scientiae</span> <span class='ocrx_word' id='word_1_158' title='bbox 1559 1595 1663 1629; x_wconf 90' lang='lat' dir='ltr'>non</span> <span class='ocrx_word' id='word_1_159' title='bbox 1687 1584 1799 1630; x_wconf 91' lang='lat' dir='ltr'>tam</span> <span class='ocrx_word' id='word_1_160' title='bbox 1824 1577 2009 1629; x_wconf 90' lang='lat' dir='ltr'>itinera</span> <span class='ocrx_word' id='word_1_161' title='bbox 2038 1595 2194 1646; x_wconf 88' lang='lat' dir='ltr'>quam</span> 
     </span>
     <span class='ocr_line' id='line_1_18' title="bbox 214 1659 2196 1731; baseline -0.001 -19"><span class='ocrx_word' id='word_1_162' title='bbox 214 1661 351 1730; x_wconf 92' lang='lat' dir='ltr'>ipsos</span> <span class='ocrx_word' id='word_1_163' title='bbox 373 1678 585 1731; x_wconf 90' lang='lat' dir='ltr'>campos</span> <span class='ocrx_word' id='word_1_164' title='bbox 607 1676 667 1712; x_wconf 90' lang='lat' dir='ltr'>ac</span> <span class='ocrx_word' id='word_1_165' title='bbox 686 1659 887 1727; x_wconf 88' lang='lat' dir='ltr'>liquida</span> <span class='ocrx_word' id='word_1_166' title='bbox 906 1676 1134 1729; x_wconf 87' lang='lat' dir='ltr'>aequora</span> <span class='ocrx_word' id='word_1_167' title='bbox 1154 1666 1222 1722; x_wconf 87' lang='lat' dir='ltr'>et,</span> <span class='ocrx_word' id='word_1_168' title='bbox 1246 1661 1384 1728; x_wconf 93' lang='lat' dir='ltr'>quod</span> <span class='ocrx_word' id='word_1_169' title='bbox 1405 1660 1475 1710; x_wconf 89' lang='lat' dir='ltr'>illi</span> <span class='ocrx_word' id='word_1_170' title='bbox 1499 1659 1608 1712; x_wconf 89' lang='lat' dir='ltr'>uiro</span> <span class='ocrx_word' id='word_1_171' title='bbox 1629 1677 1849 1728; x_wconf 86' lang='lat' dir='ltr'>magnac</span> <span class='ocrx_word' id='word_1_172' title='bbox 1870 1660 2196 1712; x_wconf 90' lang='lat' dir='ltr'>uenerationi</span> 
     </span>
     <span class='ocr_line' id='line_1_19' title="bbox 214 1742 2194 1812; baseline 0.001 -18"><span class='ocrx_word' id='word_1_173' title='bbox 214 1743 331 1806; x_wconf 85' lang='lat' dir='ltr'>fuit,</span> <span class='ocrx_word' id='word_1_174' title='bbox 359 1743 472 1812; x_wconf 91' lang='lat' dir='ltr'>ipsa</span> <span class='ocrx_word' id='word_1_175' title='bbox 506 1742 667 1796; x_wconf 90' lang='lat' dir='ltr'>etiam</span> <span class='ocrx_word' id='word_1_176' title='bbox 701 1742 927 1796; x_wconf 89' lang='lat' dir='ltr'>sacraria</span> <span class='ocrx_word' id='word_1_177' title='bbox 962 1742 1202 1795; x_wconf 89' lang='lat' dir='ltr'>ueritatis</span> <span class='ocrx_word' id='word_1_178' title='bbox 1237 1742 1325 1794; x_wconf 92' lang='lat' dir='ltr'>ubi</span> <span class='ocrx_word' id='word_1_179' title='bbox 1361 1749 1547 1802; x_wconf 84' lang='lat' dir='ltr'>essent,</span> <span class='ocrx_word' id='word_1_180' title='bbox 1586 1742 1757 1811; x_wconf 87' lang='lat' dir='ltr'>qualia</span> <span class='ocrx_word' id='word_1_181' title='bbox 1794 1749 1980 1805; x_wconf 86' lang='lat' dir='ltr'>essent,</span> <span class='ocrx_word' id='word_1_182' title='bbox 2019 1742 2194 1811; x_wconf 91' lang='lat' dir='ltr'>quales</span> 
     </span>
     <span class='ocr_line' id='line_1_20' title="bbox 216 1824 2195 1895; baseline -0.001 -18"><span class='ocrx_word' id='word_1_183' title='bbox 216 1832 540 1894; x_wconf 87' lang='lat' dir='ltr'>quaererent,</span> <span class='ocrx_word' id='word_1_184' title='bbox 560 1832 611 1877; x_wconf 87' lang='lat' dir='ltr'>et</span> <span class='ocrx_word' id='word_1_185' title='bbox 638 1824 868 1876; x_wconf 91' lang='lat' dir='ltr'>breuiter</span> <span class='ocrx_word' id='word_1_186' title='bbox 893 1832 943 1877; x_wconf 90' lang='lat' dir='ltr'>et</span> <span class='ocrx_word' id='word_1_187' title='bbox 968 1825 1045 1877; x_wconf 91' lang='lat' dir='ltr'>ita</span> <span class='ocrx_word' id='word_1_188' title='bbox 1070 1825 1223 1893; x_wconf 89' lang='lat' dir='ltr'>plane</span> <span class='ocrx_word' id='word_1_189' title='bbox 1249 1824 1577 1895; x_wconf 81' lang='lat' dir='ltr'>significasti,</span> <span class='ocrx_word' id='word_1_190' title='bbox 1601 1832 1673 1887; x_wconf 90' lang='lat' dir='ltr'>ut,</span> <span class='ocrx_word' id='word_1_191' title='bbox 1705 1824 1944 1893; x_wconf 89' lang='lat' dir='ltr'>quamuis</span> <span class='ocrx_word' id='word_1_192' title='bbox 1970 1824 2195 1892; x_wconf 88' lang='lat' dir='ltr'>suspice-</span> 
     </span>
     <span class='ocr_line' id='line_1_21' title="bbox 216 1906 2284 1974; baseline 0 -14"><span class='ocrx_word' id='word_1_193' title='bbox 216 1924 334 1960; x_wconf 92' lang='lat' dir='ltr'>mur</span> <span class='ocrx_word' id='word_1_194' title='bbox 365 1914 415 1960; x_wconf 88' lang='lat' dir='ltr'>et</span> <span class='ocrx_word' id='word_1_195' title='bbox 447 1908 719 1960; x_wconf 89' lang='lat' dir='ltr'>credamus</span> <span class='ocrx_word' id='word_1_196' title='bbox 750 1907 849 1959; x_wconf 91' lang='lat' dir='ltr'>tibi</span> <span class='ocrx_word' id='word_1_197' title='bbox 881 1924 988 1959; x_wconf 89' lang='lat' dir='ltr'>esse</span> <span class='ocrx_word' id='word_1_198' title='bbox 1020 1906 1191 1959; x_wconf 92' lang='lat' dir='ltr'>adhuc</span> <span class='ocrx_word' id='word_1_199' title='bbox 1221 1907 1515 1968; x_wconf 86' lang='lat' dir='ltr'>secretiora,</span> <span class='ocrx_word' id='word_1_200' title='bbox 1547 1913 1728 1958; x_wconf 89' lang='lat' dir='ltr'>tamen</span> <span class='ocrx_word' id='word_1_201' title='bbox 1758 1923 1863 1958; x_wconf 87' lang='lat' dir='ltr'>non</span> <span class='ocrx_word' id='word_1_202' title='bbox 1893 1906 2089 1974; x_wconf 87' lang='lat' dir='ltr'>absque</span> <span class='ocrx_word' id='word_1_203' title='bbox 2120 1906 2196 1957; x_wconf 91' lang='lat' dir='ltr'>in·</span> <span class='ocrx_word' id='word_1_204' title='bbox 2231 1924 2284 1960; x_wconf 85' lang='lat'>20</span> 
     </span>
     <span class='ocr_line' id='line_1_22' title="bbox 215 1988 2194 2059; baseline -0.001 -17"><span class='ocrx_word' id='word_1_205' title='bbox 215 1990 469 2059; x_wconf 90' lang='lat' dir='ltr'>pudentia</span> <span class='ocrx_word' id='word_1_206' title='bbox 485 2007 576 2042; x_wconf 92' lang='lat' dir='ltr'>nos</span> <span class='ocrx_word' id='word_1_207' title='bbox 592 1995 855 2057; x_wconf 76' lang='lat' dir='ltr'>putemuS,</span> <span class='ocrx_word' id='word_1_208' title='bbox 873 1989 913 2042; x_wconf 91' lang='lat' dir='ltr'>si</span> <span class='ocrx_word' id='word_1_209' title='bbox 929 1989 1153 2058; x_wconf 90' lang='lat' dir='ltr'>amplius</span> <span class='ocrx_word' id='word_1_210' title='bbox 1171 1988 1452 2057; x_wconf 89' lang='lat' dir='ltr'>quicquam</span> <span class='ocrx_word' id='word_1_211' title='bbox 1468 1989 1818 2057; x_wconf 88' lang='lat' dir='ltr'>flagitandum</span> <span class='ocrx_word' id='word_1_212' title='bbox 1842 1988 2194 2041; x_wconf 82' lang='lat' dir='ltr'>arbitremur?</span> 
     </span>
    </p>

    <p class='ocr_par' dir='ltr' id='par_1_4' title="bbox 212 2071 2279 2634">
     <span class='ocr_line' id='line_1_23' title="bbox 348 2071 2195 2140; baseline -0.001 -16"><span class='ocrx_word' id='word_1_213' title='bbox 348 2073 428 2124; x_wconf 70' lang='lat'>54.</span> <span class='ocrx_word' id='word_1_214' title='bbox 452 2071 666 2140; x_wconf 85' lang='lat' dir='ltr'>Accipio</span> <span class='ocrx_word' id='word_1_215' title='bbox 685 2071 804 2134; x_wconf 86' lang='lat' dir='ltr'>ista,</span> <span class='ocrx_word' id='word_1_216' title='bbox 828 2071 1061 2140; x_wconf 87' lang='lat' dir='ltr'>inquam,</span> <span class='ocrx_word' id='word_1_217' title='bbox 1086 2071 1308 2123; x_wconf 90' lang='lat' dir='ltr'>libenter</span> <span class='ocrx_word' id='word_1_218' title='bbox 1339 2105 1405 2111; x_wconf 81' lang='lat'>—</span> <span class='ocrx_word' id='word_1_219' title='bbox 1435 2088 1601 2139; x_wconf 89' lang='lat' dir='ltr'>neque</span> <span class='ocrx_word' id='word_1_220' title='bbox 1632 2071 1770 2123; x_wconf 90' lang='lat' dir='ltr'>enim</span> <span class='ocrx_word' id='word_1_221' title='bbox 1794 2088 1875 2123; x_wconf 90' lang='lat' dir='ltr'>me</span> <span class='ocrx_word' id='word_1_222' title='bbox 1899 2078 2010 2123; x_wconf 90' lang='lat' dir='ltr'>tam</span> <span class='ocrx_word' id='word_1_223' title='bbox 2035 2071 2195 2123; x_wconf 88' lang='lat' dir='ltr'>uerba</span> 
     </span>
     <span class='ocr_line' id='line_1_24' title="bbox 215 2153 2194 2223; baseline -0.001 -17"><span class='ocrx_word' id='word_1_224' title='bbox 215 2160 325 2217; x_wconf 86' lang='lat' dir='ltr'>tua,</span> <span class='ocrx_word' id='word_1_225' title='bbox 369 2172 500 2223; x_wconf 89' lang='lat' dir='ltr'>quae</span> <span class='ocrx_word' id='word_1_226' title='bbox 541 2170 663 2207; x_wconf 90' lang='lat' dir='ltr'>uera</span> <span class='ocrx_word' id='word_1_227' title='bbox 703 2171 807 2206; x_wconf 92' lang='lat' dir='ltr'>non</span> <span class='ocrx_word' id='word_1_228' title='bbox 846 2161 986 2216; x_wconf 88' lang='lat' dir='ltr'>sunt,</span> <span class='ocrx_word' id='word_1_229' title='bbox 1030 2171 1187 2223; x_wconf 81' lang='lat' dir='ltr'>quani</span> <span class='ocrx_word' id='word_1_230' title='bbox 1227 2170 1379 2206; x_wconf 91' lang='lat' dir='ltr'>uerus</span> <span class='ocrx_word' id='word_1_231' title='bbox 1418 2153 1471 2205; x_wconf 93' lang='lat' dir='ltr'>in</span> <span class='ocrx_word' id='word_1_232' title='bbox 1511 2153 1681 2206; x_wconf 90' lang='lat' dir='ltr'>uerbis</span> <span class='ocrx_word' id='word_1_233' title='bbox 1721 2154 1925 2205; x_wconf 89' lang='lat' dir='ltr'>animus</span> <span class='ocrx_word' id='word_1_234' title='bbox 1965 2153 2194 2206; x_wconf 90' lang='lat' dir='ltr'>delectat</span> 
     </span>
     <span class='ocr_line' id='line_1_25' title="bbox 215 2236 2192 2305; baseline -0.001 -16"><span class='ocrx_word' id='word_1_235' title='bbox 215 2243 374 2305; x_wconf 90' lang='lat' dir='ltr'>atque</span> <span class='ocrx_word' id='word_1_236' title='bbox 398 2237 597 2290; x_wconf 83' lang='lat' dir='ltr'>excitat</span> <span class='ocrx_word' id='word_1_237' title='bbox 622 2243 750 2289; x_wconf 83' lang='lat' dir='ltr'>——et</span> <span class='ocrx_word' id='word_1_238' title='bbox 775 2237 921 2299; x_wconf 90' lang='lat' dir='ltr'>bene,</span> <span class='ocrx_word' id='word_1_239' title='bbox 941 2238 1078 2305; x_wconf 92' lang='lat' dir='ltr'>quod</span> <span class='ocrx_word' id='word_1_240' title='bbox 1096 2236 1365 2288; x_wconf 91' lang='lat' dir='ltr'>eimittere</span> <span class='ocrx_word' id='word_1_241' title='bbox 1380 2236 1664 2288; x_wconf 88' lang='lat' dir='ltr'>statuimus</span> <span class='ocrx_word' id='word_1_242' title='bbox 1680 2236 1772 2288; x_wconf 91' lang='lat' dir='ltr'>has</span> <span class='ocrx_word' id='word_1_243' title='bbox 1789 2236 2007 2297; x_wconf 85' lang='lat' dir='ltr'>litteras,</span> <span class='ocrx_word' id='word_1_244' title='bbox 2028 2236 2114 2303; x_wconf 91' lang='lat' dir='ltr'>qui</span> <span class='ocrx_word' id='word_1_245' title='bbox 2130 2238 2192 2288; x_wconf 91' lang='lat' dir='ltr'>de</span> 
     </span>
     <span class='ocr_line' id='line_1_26' title="bbox 214 2317 2279 2387; baseline 0.001 -17"><span class='ocrx_word' id='word_1_246' title='bbox 214 2318 362 2371; x_wconf 92' lang='lat' dir='ltr'>nobis</span> <span class='ocrx_word' id='word_1_247' title='bbox 386 2319 517 2372; x_wconf 87' lang='lat' dir='ltr'>solet</span> <span class='ocrx_word' id='word_1_248' title='bbox 539 2319 762 2371; x_wconf 88' lang='lat' dir='ltr'>libenter</span> <span class='ocrx_word' id='word_1_249' title='bbox 783 2319 952 2371; x_wconf 89' lang='lat' dir='ltr'>multa</span> <span class='ocrx_word' id='word_1_250' title='bbox 974 2318 1201 2371; x_wconf 88' lang='lat' dir='ltr'>mentiri.</span> <span class='ocrx_word' id='word_1_251' title='bbox 1226 2319 1266 2370; x_wconf 89' lang='lat' dir='ltr'>si</span> <span class='ocrx_word' id='word_1_252' title='bbox 1292 2319 1379 2387; x_wconf 91' lang='lat' dir='ltr'>qui</span> <span class='ocrx_word' id='word_1_253' title='bbox 1402 2325 1578 2370; x_wconf 87' lang='lat' dir='ltr'>autem</span> <span class='ocrx_word' id='word_1_254' title='bbox 1603 2318 1689 2370; x_wconf 90' lang='lat' dir='ltr'>alii</span> <span class='ocrx_word' id='word_1_255' title='bbox 1714 2318 1932 2370; x_wconf 89' lang='lat' dir='ltr'>fortasse</span> <span class='ocrx_word' id='word_1_256' title='bbox 1956 2317 2190 2387; x_wconf 88' lang='lat' dir='ltr'>legerint,</span> <span class='ocrx_word' id='word_1_257' title='bbox 2226 2335 2279 2372; x_wconf 85' lang='lat'>25</span> 
     </span>
     <span class='ocr_line' id='line_1_27' title="bbox 213 2399 2191 2470; baseline -0.001 -18"><span class='ocrx_word' id='word_1_258' title='bbox 213 2418 380 2470; x_wconf 90' lang='lat' dir='ltr'>neque</span> <span class='ocrx_word' id='word_1_259' title='bbox 411 2401 503 2454; x_wconf 85' lang='lat' dir='ltr'>hos</span> <span class='ocrx_word' id='word_1_260' title='bbox 536 2408 732 2463; x_wconf 79' lang='lat' dir='ltr'>nletUO,</span> <span class='ocrx_word' id='word_1_261' title='bbox 764 2418 827 2453; x_wconf 90' lang='lat' dir='ltr'>ne</span> <span class='ocrx_word' id='word_1_262' title='bbox 858 2401 957 2454; x_wconf 92' lang='lat' dir='ltr'>tibi</span> <span class='ocrx_word' id='word_1_263' title='bbox 988 2404 1341 2453; x_wconf 87' lang='lat' dir='ltr'>suscenseant.</span> <span class='ocrx_word' id='word_1_264' title='bbox 1377 2400 1489 2469; x_wconf 92' lang='lat' dir='ltr'>quis</span> <span class='ocrx_word' id='word_1_265' title='bbox 1522 2400 1660 2452; x_wconf 89' lang='lat' dir='ltr'>enim</span> <span class='ocrx_word' id='word_1_266' title='bbox 1691 2399 1919 2452; x_wconf 88' lang='lat' dir='ltr'>amantis</span> <span class='ocrx_word' id='word_1_267' title='bbox 1952 2399 2107 2452; x_wconf 90' lang='lat' dir='ltr'>errori</span> <span class='ocrx_word' id='word_1_268' title='bbox 2138 2400 2191 2451; x_wconf 93' lang='lat' dir='ltr'>in</span> 
     </span>
     <span class='ocr_line' id='line_1_28' title="bbox 212 2482 2190 2551; baseline 0.001 -17"><span class='ocrx_word' id='word_1_269' title='bbox 212 2482 493 2536; x_wconf 90' lang='lat' dir='ltr'>iudicando</span> <span class='ocrx_word' id='word_1_270' title='bbox 523 2500 627 2535; x_wconf 91' lang='lat' dir='ltr'>non</span> <span class='ocrx_word' id='word_1_271' title='bbox 657 2483 1145 2535; x_wconf 88' lang='lat' dir='ltr'>beneuolentissime</span> <span class='ocrx_word' id='word_1_272' title='bbox 1174 2482 1449 2551; x_wconf 76' lang='lat' dir='ltr'>ignoscat?</span> <span class='ocrx_word' id='word_1_273' title='bbox 1484 2484 1621 2550; x_wconf 91' lang='lat' dir='ltr'>quod</span> <span class='ocrx_word' id='word_1_274' title='bbox 1652 2489 1829 2535; x_wconf 88' lang='lat' dir='ltr'>autem</span> <span class='ocrx_word' id='word_1_275' title='bbox 1859 2482 2190 2551; x_wconf 86' lang='lat' dir='ltr'>Pythagorae</span> 
     </span>
     <span class='ocr_line' id='line_1_29' title="bbox 213 2564 2191 2634; baseline -0.001 -17"><span class='ocrx_word' id='word_1_276' title='bbox 213 2566 533 2618; x_wconf 91' lang='lat' dir='ltr'>mentionem</span> <span class='ocrx_word' id='word_1_277' title='bbox 559 2565 746 2628; x_wconf 89' lang='lat' dir='ltr'>fecisti,</span> <span class='ocrx_word' id='word_1_278' title='bbox 772 2565 945 2618; x_wconf 89' lang='lat' dir='ltr'>nescio</span> <span class='ocrx_word' id='word_1_279' title='bbox 973 2582 1074 2634; x_wconf 93' lang='lat' dir='ltr'>quo</span> <span class='ocrx_word' id='word_1_280' title='bbox 1099 2565 1185 2617; x_wconf 93' lang='lat' dir='ltr'>illo</span> <span class='ocrx_word' id='word_1_281' title='bbox 1210 2564 1389 2617; x_wconf 91' lang='lat' dir='ltr'>diuino</span> <span class='ocrx_word' id='word_1_282' title='bbox 1417 2565 1592 2617; x_wconf 90' lang='lat' dir='ltr'>ordine</span> <span class='ocrx_word' id='word_1_283' title='bbox 1620 2564 1822 2617; x_wconf 92' lang='lat' dir='ltr'>occulto</span> <span class='ocrx_word' id='word_1_284' title='bbox 1847 2564 1945 2617; x_wconf 92' lang='lat' dir='ltr'>tibi</span> <span class='ocrx_word' id='word_1_285' title='bbox 1970 2564 2023 2616; x_wconf 93' lang='lat' dir='ltr'>in</span> <span class='ocrx_word' id='word_1_286' title='bbox 2048 2581 2191 2616; x_wconf 87' lang='lat' dir='ltr'>men-</span> 
     </span>
    </p>
   </div>
   <div class='ocr_carea' id='block_1_3' title="bbox 342 2746 947 2799">
    <p class='ocr_par' dir='ltr' id='par_1_5' title="bbox 342 2746 947 2799">
     <span class='ocr_line' id='line_1_30' title="bbox 342 2746 947 2799; baseline 0.005 -11"><span class='ocrx_word' id='word_1_287' title='bbox 342 2747 464 2793; x_wconf 70' lang='lat'>1527</span> <span class='ocrx_word' id='word_1_288' title='bbox 488 2746 540 2789; x_wconf 83' lang='lat' dir='ltr'>ef.</span> <span class='ocrx_word' id='word_1_289' title='bbox 567 2746 762 2790; x_wconf 86' lang='lat' dir='ltr'>Retract.</span> <span class='ocrx_word' id='word_1_290' title='bbox 789 2747 809 2790; x_wconf 95' lang='grc' dir='ltr'>Ι</span> <span class='ocrx_word' id='word_1_291' title='bbox 830 2747 870 2799; x_wconf 83' lang='grc'>3,</span> <span class='ocrx_word' id='word_1_292' title='bbox 894 2747 947 2791; x_wconf 89' lang='grc'>10</span> 
     </span>
    </p>
   </div>
   <div class='ocr_carea' id='block_1_4' title="bbox 213 2863 2186 3521">
    <p class='ocr_par' dir='ltr' id='par_1_6' title="bbox 213 2863 2186 3521">
     <span class='ocr_line' id='line_1_31' title="bbox 346 2863 2183 2910; baseline -0.001 -3"><span class='ocrx_word' id='word_1_293' title='bbox 346 2867 364 2907; x_wconf 98' lang='grc'><strong>1</strong></span> <span class='ocrx_word' id='word_1_294' title='bbox 384 2865 692 2909; x_wconf 84' lang='lat' dir='ltr'>indubitanter</span> <span class='ocrx_word' id='word_1_295' title='bbox 705 2869 799 2908; x_wconf 71' lang='lat' dir='ltr'>ante</span> <span class='ocrx_word' id='word_1_296' title='bbox 815 2865 1026 2909; x_wconf 79' lang='lat' dir='ltr'>confirmo</span> <span class='ocrx_word' id='word_1_297' title='bbox 1041 2867 1094 2910; x_wconf 90' lang='lat' dir='ltr'><em>M</em></span> <span class='ocrx_word' id='word_1_298' title='bbox 1172 2865 1196 2907; x_wconf 79' lang='lat'>2</span> <span class='ocrx_word' id='word_1_299' title='bbox 1211 2865 1340 2908; x_wconf 89' lang='lat' dir='ltr'>deum</span> <span class='ocrx_word' id='word_1_300' title='bbox 1357 2865 1485 2907; x_wconf 75' lang='lat' dir='ltr'>omH</span> <span class='ocrx_word' id='word_1_301' title='bbox 1559 2866 1584 2907; x_wconf 87' lang='lat'>3</span> <span class='ocrx_word' id='word_1_302' title='bbox 1600 2863 1786 2907; x_wconf 81' lang='lat' dir='ltr'>ueritate</span> <span class='ocrx_word' id='word_1_303' title='bbox 1804 2864 1910 2907; x_wconf 79' lang='lat' dir='ltr'>Pm]</span> <span class='ocrx_word' id='word_1_304' title='bbox 1981 2866 2005 2906; x_wconf 88' lang='grc'>4</span> <span class='ocrx_word' id='word_1_305' title='bbox 2021 2865 2183 2907; x_wconf 87' lang='lat' dir='ltr'>bonum</span> 
     </span>
     <span class='ocr_line' id='line_1_32' title="bbox 217 2938 2184 2996; baseline -0.002 -13"><span class='ocrx_word' id='word_1_306' title='bbox 217 2941 300 2985; x_wconf 90' lang='lat' dir='ltr'>AT</span> <span class='ocrx_word' id='word_1_307' title='bbox 314 2941 401 2983; x_wconf 76' lang='lat' dir='ltr'>edd.</span> <span class='ocrx_word' id='word_1_308' title='bbox 490 2944 810 2996; x_wconf 85' lang='lat' dir='ltr'>promerentem</span> <span class='ocrx_word' id='word_1_309' title='bbox 837 2942 875 2984; x_wconf 93' lang='lat' dir='ltr'><strong><em>P</em></strong></span> <span class='ocrx_word' id='word_1_310' title='bbox 971 2941 996 2983; x_wconf 78' lang='lat'><strong>9</strong></span> <span class='ocrx_word' id='word_1_311' title='bbox 1018 2940 1087 2983; x_wconf 89' lang='lat' dir='ltr'>hic</span> <span class='ocrx_word' id='word_1_312' title='bbox 1109 2941 1237 2983; x_wconf 69' lang='lat' dir='ltr'>omH</span> <span class='ocrx_word' id='word_1_313' title='bbox 1333 2939 1510 2982; x_wconf 83' lang='lat' dir='ltr'>efficisti</span> <span class='ocrx_word' id='word_1_314' title='bbox 1535 2939 1573 2981; x_wconf 92' lang='lat' dir='ltr'><em>P</em></span> <span class='ocrx_word' id='word_1_315' title='bbox 1670 2941 1716 2982; x_wconf 93' lang='grc'>11</span> <span class='ocrx_word' id='word_1_316' title='bbox 1742 2938 1946 2981; x_wconf 88' lang='lat' dir='ltr'>uideatur</span> <span class='ocrx_word' id='word_1_317' title='bbox 1969 2938 2008 2980; x_wconf 90' lang='lat' dir='ltr'><strong><em>A</em></strong></span> <span class='ocrx_word' id='word_1_318' title='bbox 2085 2953 2184 2981; x_wconf 89' lang='lat' dir='ltr'>eon-</span> 
     </span>
     <span class='ocr_line' id='line_1_33' title="bbox 213 3012 2183 3071; baseline -0.001 -12"><span class='ocrx_word' id='word_1_319' title='bbox 213 3015 478 3059; x_wconf 87' lang='lat' dir='ltr'>sideratione</span> <span class='ocrx_word' id='word_1_320' title='bbox 502 3015 765 3070; x_wconf 87' lang='lat' dir='ltr'>quotidiana</span> <span class='ocrx_word' id='word_1_321' title='bbox 787 3017 826 3058; x_wconf 90' lang='lat' dir='ltr'><strong><em>A</em></strong></span> <span class='ocrx_word' id='word_1_322' title='bbox 931 3017 984 3059; x_wconf 85' lang='lat'>12</span> <span class='ocrx_word' id='word_1_323' title='bbox 1004 3017 1048 3058; x_wconf 90' lang='lat' dir='ltr'>in</span> <span class='ocrx_word' id='word_1_324' title='bbox 1071 3014 1132 3071; x_wconf 87' lang='lat' dir='ltr'>te]</span> <span class='ocrx_word' id='word_1_325' title='bbox 1154 3014 1274 3058; x_wconf 86' lang='lat' dir='ltr'>uitae</span> <span class='ocrx_word' id='word_1_326' title='bbox 1296 3017 1335 3058; x_wconf 89' lang='lat' dir='ltr'><strong><em>A</em></strong></span> <span class='ocrx_word' id='word_1_327' title='bbox 1436 3012 1622 3057; x_wconf 89' lang='lat' dir='ltr'>dubium</span> <span class='ocrx_word' id='word_1_328' title='bbox 1643 3016 1696 3058; x_wconf 90' lang='lat' dir='ltr'><em>M</em></span> <span class='ocrx_word' id='word_1_329' title='bbox 1806 3015 1856 3057; x_wconf 89' lang='lat'>13</span> <span class='ocrx_word' id='word_1_330' title='bbox 1878 3013 1929 3056; x_wconf 87' lang='lat' dir='ltr'>de</span> <span class='ocrx_word' id='word_1_331' title='bbox 1952 3013 2024 3056; x_wconf 83' lang='lat' dir='ltr'>illa</span> <span class='ocrx_word' id='word_1_332' title='bbox 2047 3015 2183 3057; x_wconf 86' lang='lat' dir='ltr'>om.M</span> 
     </span>
     <span class='ocr_line' id='line_1_34' title="bbox 214 3087 2186 3148; baseline -0.001 -16"><span class='ocrx_word' id='word_1_333' title='bbox 214 3105 444 3148; x_wconf 81' lang='lat' dir='ltr'>possumus</span> <span class='ocrx_word' id='word_1_334' title='bbox 467 3090 575 3133; x_wconf 80' lang='lat' dir='ltr'>Am]</span> <span class='ocrx_word' id='word_1_335' title='bbox 695 3092 743 3133; x_wconf 89' lang='grc'>14</span> <span class='ocrx_word' id='word_1_336' title='bbox 766 3089 927 3145; x_wconf 85' lang='lat' dir='ltr'>nonne]</span> <span class='ocrx_word' id='word_1_337' title='bbox 948 3103 1032 3133; x_wconf 86' lang='lat' dir='ltr'>non</span> <span class='ocrx_word' id='word_1_338' title='bbox 1058 3089 1110 3132; x_wconf 90' lang='lat' dir='ltr'>de</span> <span class='ocrx_word' id='word_1_339' title='bbox 1133 3090 1278 3133; x_wconf 86' lang='lat' dir='ltr'>HMP</span> <span class='ocrx_word' id='word_1_340' title='bbox 1374 3087 1638 3142; x_wconf 73' lang='lat' dir='ltr'>uenerabilis</span> <span class='ocrx_word' id='word_1_341' title='bbox 1655 3090 1698 3132; x_wconf 89' lang='lat' dir='ltr'><em>H</em></span> <span class='ocrx_word' id='word_1_342' title='bbox 1805 3088 1855 3131; x_wconf 81' lang='lat'>15</span> <span class='ocrx_word' id='word_1_343' title='bbox 1879 3088 2120 3144; x_wconf 84' lang='lat' dir='ltr'>pythagorc</span> <span class='ocrx_word' id='word_1_344' title='bbox 2145 3089 2186 3131; x_wconf 93' lang='lat' dir='ltr'><em>P</em></span> 
     </span>
     <span class='ocr_line' id='line_1_35' title="bbox 214 3163 2186 3222; baseline -0.002 -13"><span class='ocrx_word' id='word_1_345' title='bbox 214 3168 459 3222; x_wconf 76' lang='lat' dir='ltr'>phytagore</span> <span class='ocrx_word' id='word_1_346' title='bbox 481 3166 579 3209; x_wconf 92' lang='lat' dir='ltr'>MT</span> <span class='ocrx_word' id='word_1_347' title='bbox 600 3168 812 3222; x_wconf 64' lang='lat' dir='ltr'>pyt-,xgore</span> <span class='ocrx_word' id='word_1_348' title='bbox 837 3166 876 3208; x_wconf 91' lang='lat' dir='ltr'><strong><em>A</em></strong></span> <span class='ocrx_word' id='word_1_349' title='bbox 974 3166 1027 3208; x_wconf 89' lang='lat'>16</span> <span class='ocrx_word' id='word_1_350' title='bbox 1047 3164 1208 3208; x_wconf 85' lang='lat' dir='ltr'>itinera</span> <span class='ocrx_word' id='word_1_351' title='bbox 1232 3165 1316 3208; x_wconf 89' lang='lat' dir='ltr'>AT</span> <span class='ocrx_word' id='word_1_352' title='bbox 1335 3163 1481 3206; x_wconf 83' lang='lat' dir='ltr'>inaera</span> <span class='ocrx_word' id='word_1_353' title='bbox 1503 3164 1677 3207; x_wconf 86' lang='lat' dir='ltr'>HMPa</span> <span class='ocrx_word' id='word_1_354' title='bbox 1765 3163 1814 3206; x_wconf 79' lang='lat'>17</span> <span class='ocrx_word' id='word_1_355' title='bbox 1839 3163 2120 3206; x_wconf 85' lang='lat' dir='ltr'>ueneratione</span> <span class='ocrx_word' id='word_1_356' title='bbox 2146 3163 2186 3205; x_wconf 92' lang='lat' dir='ltr'><em>P</em></span> 
     </span>
     <span class='ocr_line' id='line_1_36' title="bbox 214 3237 2177 3296; baseline -0.003 -13"><span class='ocrx_word' id='word_1_357' title='bbox 214 3242 267 3284; x_wconf 81' lang='lat'>19</span> <span class='ocrx_word' id='word_1_358' title='bbox 299 3241 424 3296; x_wconf 89' lang='lat' dir='ltr'>plene</span> <span class='ocrx_word' id='word_1_359' title='bbox 447 3239 590 3282; x_wconf 80' lang='lat' dir='ltr'>Aedd.</span> <span class='ocrx_word' id='word_1_360' title='bbox 707 3240 754 3283; x_wconf 82' lang='lat'>21</span> <span class='ocrx_word' id='word_1_361' title='bbox 790 3254 867 3283; x_wconf 82' lang='lat' dir='ltr'>nos</span> <span class='ocrx_word' id='word_1_362' title='bbox 889 3241 1027 3284; x_wconf 84' lang='lat' dir='ltr'>om.M</span> <span class='ocrx_word' id='word_1_363' title='bbox 1158 3239 1425 3282; x_wconf 81' lang='lat' dir='ltr'>arbitremur</span> <span class='ocrx_word' id='word_1_364' title='bbox 1457 3238 1568 3280; x_wconf 82' lang='lat' dir='ltr'>codd.</span> <span class='ocrx_word' id='word_1_365' title='bbox 1605 3238 1684 3282; x_wconf 89' lang='lat' dir='ltr'>abs</span> <span class='ocrx_word' id='word_1_366' title='bbox 1718 3242 1761 3281; x_wconf 88' lang='lat' dir='ltr'>te</span> <span class='ocrx_word' id='word_1_367' title='bbox 1796 3237 2060 3294; x_wconf 81' lang='lat' dir='ltr'>arbitremur</span> <span class='ocrx_word' id='word_1_368' title='bbox 2092 3237 2177 3279; x_wconf 76' lang='lat' dir='ltr'>edd.</span> 
     </span>
     <span class='ocr_line' id='line_1_37' title="bbox 218 3311 2183 3370; baseline -0.001 -13"><span class='ocrx_word' id='word_1_369' title='bbox 218 3316 270 3358; x_wconf 81' lang='lat'>22</span> <span class='ocrx_word' id='word_1_370' title='bbox 292 3316 409 3358; x_wconf 89' lang='lat' dir='ltr'>enim</span> <span class='ocrx_word' id='word_1_371' title='bbox 432 3316 571 3358; x_wconf 72' lang='lat' dir='ltr'>omM</span> <span class='ocrx_word' id='word_1_372' title='bbox 691 3316 740 3357; x_wconf 83' lang='lat'>24</span> <span class='ocrx_word' id='word_1_373' title='bbox 762 3312 898 3370; x_wconf 86' lang='lat' dir='ltr'>quod]</span> <span class='ocrx_word' id='word_1_374' title='bbox 920 3314 1029 3370; x_wconf 87' lang='lat' dir='ltr'>quid</span> <span class='ocrx_word' id='word_1_375' title='bbox 1049 3314 1157 3357; x_wconf 80' lang='lat' dir='ltr'>Am]</span> <span class='ocrx_word' id='word_1_376' title='bbox 1298 3312 1547 3356; x_wconf 78' lang='lat' dir='ltr'>studuimus</span> <span class='ocrx_word' id='word_1_377' title='bbox 1574 3315 1611 3357; x_wconf 90' lang='lat' dir='ltr'><em>T</em></span> <span class='ocrx_word' id='word_1_378' title='bbox 1733 3312 1784 3354; x_wconf 81' lang='lat'>25</span> <span class='ocrx_word' id='word_1_379' title='bbox 1806 3311 1992 3355; x_wconf 85' lang='lat' dir='ltr'>libenter</span> <span class='ocrx_word' id='word_1_380' title='bbox 2012 3312 2183 3355; x_wconf 75' lang='lat' dir='ltr'>omAT</span> 
     </span>
     <span class='ocr_line' id='line_1_38' title="bbox 215 3386 2177 3434; baseline -0.003 -1"><span class='ocrx_word' id='word_1_381' title='bbox 215 3389 266 3434; x_wconf 81' lang='lat'>26</span> <span class='ocrx_word' id='word_1_382' title='bbox 288 3394 574 3433; x_wconf 85' lang='lat' dir='ltr'>succenseant</span> <span class='ocrx_word' id='word_1_383' title='bbox 594 3390 808 3433; x_wconf 84' lang='lat' dir='ltr'>AHmIM</span> <span class='ocrx_word' id='word_1_384' title='bbox 938 3391 989 3434; x_wconf 80' lang='lat'>27</span> <span class='ocrx_word' id='word_1_385' title='bbox 1012 3387 1415 3432; x_wconf 85' lang='lat' dir='ltr'>beniuolentissime</span> <span class='ocrx_word' id='word_1_386' title='bbox 1437 3389 1533 3431; x_wconf 91' lang='lat' dir='ltr'>AM</span> <span class='ocrx_word' id='word_1_387' title='bbox 1541 3386 1648 3431; x_wconf 65' lang='lat' dir='ltr'>Pm?</span> <span class='ocrx_word' id='word_1_388' title='bbox 1657 3386 1692 3428; x_wconf 88' lang='lat' dir='ltr'><em>T</em></span> <span class='ocrx_word' id='word_1_389' title='bbox 1809 3390 1959 3429; x_wconf 88' lang='lat' dir='ltr'>autem</span> <span class='ocrx_word' id='word_1_390' title='bbox 1982 3399 2058 3429; x_wconf 84' lang='lat' dir='ltr'>om.</span> <span class='ocrx_word' id='word_1_391' title='bbox 2071 3386 2177 3430; x_wconf 74' lang='lat' dir='ltr'>Tm]</span> 
     </span>
     <span class='ocr_line' id='line_1_39' title="bbox 225 3461 1569 3521; baseline -0.001 -14"><span class='ocrx_word' id='word_1_392' title='bbox 225 3464 468 3521; x_wconf 74' lang='lat' dir='ltr'>phytagore</span> <span class='ocrx_word' id='word_1_393' title='bbox 487 3466 586 3509; x_wconf 87' lang='lat' dir='ltr'>MT</span> <span class='ocrx_word' id='word_1_394' title='bbox 605 3469 818 3520; x_wconf 76' lang='lat' dir='ltr'>pytagore</span> <span class='ocrx_word' id='word_1_395' title='bbox 842 3463 880 3505; x_wconf 90' lang='lat' dir='ltr'><strong><em>A</em></strong></span> <span class='ocrx_word' id='word_1_396' title='bbox 959 3465 1010 3506; x_wconf 78' lang='lat'>28</span> <span class='ocrx_word' id='word_1_397' title='bbox 1030 3462 1151 3506; x_wconf 84' lang='lat' dir='ltr'>illum</span> <span class='ocrx_word' id='word_1_398' title='bbox 1174 3464 1228 3507; x_wconf 82' lang='lat' dir='ltr'><em>M</em></span> <span class='ocrx_word' id='word_1_399' title='bbox 1304 3461 1505 3505; x_wconf 79' lang='lat' dir='ltr'>1¹idiuino</span> <span class='ocrx_word' id='word_1_400' title='bbox 1531 3463 1569 3505; x_wconf 93' lang='lat' dir='ltr'><em>P</em></span> 
     </span>
    </p>
   </div>
  </div>
 </body>
</html>
