2398 3724
198 160 293 213 130
916 171 998 213 ΙΙΙ.
1051 169 1136 213 De
1188 146 1434 214 ordine

196 329 431 394 possunt,
467 341 532 376 ex
565 323 750 392 quibus
784 323 924 376 n'ulla
958 329 1035 376 est
1066 323 1362 376 hominibus
1396 323 1595 376 utilitas
1630 331 1721 377 aut
1752 332 1889 378 certe
1927 327 2000 378 ita
2034 326 2164 379 latet

195 406 279 458 uel
307 405 548 459 inbecilla
578 412 672 468 est,
707 412 764 457 ut
797 405 863 458 ab
887 405 1201 469 hominibus,
1227 406 1534 474 praesertim
1564 406 1725 463 nobis,
1754 408 1863 460 erui
1890 407 2163 460 defendiue

197 505 301 541 non
325 488 503 557 possit.
536 488 643 556 ipse
678 488 850 556 potius
879 504 971 540 nos
1000 488 1202 551 doceat,
1233 489 1495 556 quomodo
1522 487 1719 556 aliquid
1747 488 1859 552 fiat,
1894 491 2033 558 quod
2061 506 2163 542 non

195 587 351 623 causa
381 570 731 638 praecesserit.
771 598 836 603 —
865 570 1005 633 Post,
1035 570 1268 638 inquam,
1298 570 1397 622 ista
1426 569 1732 623 uidebimus
1764 587 1867 623 non
1893 572 2031 623 enim
2058 572 2161 624 iam

194 669 277 705 me
304 669 506 704 necesse
534 656 612 704 est
639 668 746 704 esse
772 652 1055 714 doctorem,
1085 668 1204 703 cum
1229 656 1305 714 tu,
1337 652 1425 721 qui
1449 653 1555 704 iam
1576 657 1759 704 tantae
1783 653 1856 705 rei
1882 657 1934 705 te
1959 659 2160 705 certum

196 751 302 787 esse
325 734 583 803 professus
606 751 674 797 es,
702 733 870 786 adhuc
895 750 976 786 me
1000 733 1129 785 nihil
1151 734 1384 786 docueris
1408 734 1627 786 nimium
1650 734 1842 786 discere
1865 735 2160 802 cupientem

197 822 248 869 et
282 821 495 885 propter
527 815 623 868 hoc
659 815 825 868 solum
862 815 969 868 dies
1008 820 1289 884 noctesque
1327 815 1649 890 uigilantem.

332 922 409 973 13.
459 919 571 982 Quo
610 937 689 972 me
729 918 933 972 mittis?
973 920 1170 988 inquit;
1227 936 1295 975 an
1334 919 1456 988 quia
1493 924 1545 972 te
1584 919 1746 972 leuius
1784 936 1970 988 sequor
2009 936 2165 988 quam

196 1002 283 1055 illa
303 1001 426 1055 folia
444 1007 646 1066 uentOS,
669 1002 855 1070 quibus
874 1003 927 1054 in
947 1001 1295 1070 profluentem
1314 1001 1592 1065 iaciuntur,
1614 1007 1670 1054 ut
1691 1002 1761 1054 eis
1780 1003 1962 1055 cadere
1982 1017 2165 1070 parum

197 1085 281 1147 sit,
319 1085 414 1137 nisi
453 1084 612 1137 etiam
649 1082 966 1137 trahantur?
1006 1100 1130 1136 nam
1168 1084 1294 1152 quid
1332 1083 1472 1136 aliud
1510 1084 1623 1147 erit,
1662 1101 1779 1136 cum
1818 1083 2078 1137 Licentius
2116 1090 2167 1136 et

199 1167 551 1236 Augustinum
584 1170 636 1218 et
669 1183 728 1218 ea
762 1182 894 1235 quae
927 1170 1049 1218 sunt
1081 1166 1135 1217 in
1167 1165 1338 1218 media
1370 1164 1695 1234 philosophia
1728 1165 1918 1219 docet?
1954 1195 2019 1199 —
2050 1165 2167 1219 Noli

200 1248 426 1312 obsecro,
451 1248 684 1317 inquam,
712 1253 803 1300 aut
839 1252 891 1300 te
928 1252 1139 1300 tantum
1177 1247 1375 1300 abicere
1412 1253 1504 1299 aut
1541 1265 1621 1299 me
1658 1247 1917 1300 extollere.
1956 1264 2078 1300 nam
2116 1253 2166 1300 et

198 1347 291 1400 ego
320 1331 373 1382 in
402 1329 727 1399 philosophia
758 1347 884 1399 puer
913 1347 1028 1382 sum
1057 1334 1109 1383 et
1139 1346 1242 1382 non
1272 1330 1424 1381 nimis
1453 1346 1592 1392 curo,
1623 1347 1741 1381 cum
1769 1330 2045 1399 interrogo,
2078 1346 2166 1398 per

199 1428 353 1481 quem
388 1412 515 1464 mihi
548 1411 631 1464 ille
663 1413 993 1481 respondeat,
1031 1411 1119 1480 qui
1149 1429 1229 1464 me
1263 1411 1452 1464 cotidie
1481 1411 1753 1479 querulum
1783 1411 1986 1480 accipit,
2022 1411 2165 1463 cuius

197 1499 249 1546 te
271 1495 479 1563 quidem
500 1495 650 1547 credo
674 1495 987 1563 quandoque
1009 1498 1187 1546 uatem
1208 1493 1469 1556 futurum;
1499 1509 1664 1562 neque
1686 1493 1780 1545 hoc
1812 1493 2159 1562 ‘quandoque‘

197 1576 416 1629 forsitan
455 1576 667 1646 longum
708 1580 801 1629 est.
863 1577 951 1628 sed
991 1581 1171 1628 tamen
1211 1575 1300 1628 alii
1339 1591 1545 1644 quoque
1586 1574 1809 1627 multum
1850 1574 2059 1643 sepositi
2100 1574 2165 1627 ab

196 1658 349 1712 huius
368 1659 511 1711 modi
530 1659 714 1711 studiis
734 1659 915 1711 docere
935 1657 1133 1727 aliquid
1153 1663 1388 1726 possunt,
1409 1674 1527 1709 cum
1547 1657 1911 1710 disserentium
1930 1657 2166 1709 societati

199 1742 347 1810 quasi
376 1740 594 1802 uinculis
622 1741 1088 1809 interrogationum
1117 1744 1438 1793 coartantur.
1468 1739 1605 1791 idem
1635 1743 1811 1791 autem
1840 1738 2035 1808 aliquid
2065 1755 2165 1790 non

198 1830 275 1875 est
302 1822 446 1875 nihil.
477 1839 544 1875 an
572 1839 675 1875 non
704 1822 847 1875 uides
875 1851 942 1856 —-
966 1827 1057 1875 tuo
1085 1822 1223 1874 enirn
1252 1820 1407 1874 simili
1432 1826 1553 1873 utar
1580 1820 1825 1873 libentius
1854 1849 1919 1855 —
1943 1820 2027 1872 illa
2057 1821 2167 1888 ipsa

197 1905 336 1968 folia,
371 1921 502 1973 quae
534 1904 771 1958 feruntur
804 1905 989 1967 uentiS,
1024 1920 1156 1972 quae
1188 1904 1339 1956 undis
1370 1904 1635 1965 innatant,
1666 1903 1900 1955 resistere
1933 1901 2166 1970 aliquan·

199 1992 314 2039 tum
336 1987 703 2056 praecipitanti
724 2004 774 2039 se
797 1985 1003 2039 flumini
1023 1991 1074 2038 et
1095 1987 1158 2038 de
1177 2003 1349 2038 rerum
1372 1985 1548 2037 ordine
1570 1984 1802 2037 homines
1823 1999 2164 2047 commonere,

199 2070 240 2122 si
274 2075 453 2121 tamen
486 2069 599 2132 hoc,
636 2069 776 2137 quod
811 2068 902 2121 abs
937 2074 988 2120 te
1022 2067 1335 2130 defenditur,
1372 2083 1551 2119 uerum
1586 2065 1701 2118 est?

333 2175 409 2226 14.
443 2173 540 2225 Hic
570 2171 651 2225 ille
682 2172 813 2225 lecto
843 2172 1003 2224 etiam
1032 2171 1245 2224 exiliens
1274 2188 1396 2240 prae
1426 2169 1649 2223 laetitia:
1689 2170 1812 2232 Quis
1841 2175 2009 2239 neget,
2040 2170 2164 2221 deus

197 2271 400 2325 magne,
447 2255 634 2324 inquit,
681 2260 733 2307 te
778 2259 965 2307 cuncta
1013 2254 1189 2306 ordine
1234 2252 1635 2306 administrare?
1684 2269 1842 2321 quam
1892 2269 1943 2304 se
1994 2251 2166 2303 omnia

198 2336 405 2389 tenent!
441 2353 599 2405 quam
631 2337 758 2389 ratis
791 2335 1198 2389 successionibus
1231 2336 1284 2387 in
1318 2335 1478 2387 nodos
1512 2351 1628 2387 suos
1664 2332 1931 2403 urgentur!
1967 2338 2166 2401 quanta

199 2424 250 2471 et
279 2435 438 2487 quam
466 2417 633 2471 multa
661 2417 802 2471 facta
829 2423 968 2481 sunt,
998 2422 1057 2469 ut
1083 2418 1209 2470 haec
1237 2415 1588 2485 loqueremur!
1619 2421 1820 2484 quanta
1846 2414 1998 2478 fiunt,
2030 2422 2086 2466 ut
2115 2420 2164 2465 te

197 2500 548 2553 inueniamus!
574 2501 710 2552 unde
732 2501 870 2552 enim
891 2500 986 2552 hoc
1009 2500 1179 2568 ipsum
1202 2499 1299 2551 nisi
1321 2515 1384 2550 ex
1404 2515 1575 2550 rerum
1598 2498 1773 2550 ordine
1795 2502 1977 2549 manat
2000 2501 2051 2548 et
2073 2497 2164 2548 du-

199 2583 349 2646 citur,
379 2583 518 2650 quod
546 2582 922 2651 euigilauimus,
952 2582 1091 2650 quod
1129 2580 1274 2633 illum
1302 2597 1485 2632 sonum
1514 2579 1804 2641 aduertisti,
1844 2579 1983 2647 quod
2011 2594 2164 2646 quae-

199 2665 311 2717 sisti
328 2670 501 2716 tecum
519 2681 748 2726 causam,
768 2664 907 2732 quod
926 2669 985 2715 tu
1002 2680 1214 2715 eausam
1233 2661 1471 2714 tantillae
1488 2661 1560 2713 rei
1578 2677 1679 2713 non
1699 2658 1980 2712 inuenisti‘?
2017 2676 2165 2712 sorex

199 2747 358 2799 etiam
380 2746 571 2814 prodit,
596 2751 654 2797 ut
676 2762 767 2814 ego
792 2744 1010 2815 uigilans
1034 2745 1238 2813 prodar.
1263 2750 1523 2813 postremo
1547 2749 1667 2795 tuus
1690 2742 1849 2794 etiam
1870 2742 1976 2810 ipse
1999 2758 2164 2793 sermo

325 3003 350 3044 3
371 3016 448 3045 nos
471 3000 608 3045 om.M
725 3003 750 3044 5
772 3015 861 3044 esse
884 3002 1107 3046 doctorem
1129 3000 1265 3043 om.M
1383 3002 1407 3044 6
1430 2996 1631 3052 nimium]
1655 2995 1883 3040 minimum
1910 2998 1947 3040 Ι)
2056 2996 2081 3039 8
2101 2994 2165 3037 in-

198 3090 332 3133 quam
349 3077 435 3120 HP
559 3075 697 3120 leuius
720 3079 763 3119 te
786 3075 1072 3120 AHMTedd.
1182 3075 1207 3118 9
1227 3073 1310 3118 ista
1332 3087 1370 3116 m
1480 3071 1773 3129 profluentem
1792 3084 1954 3127 aquam
1978 3069 2058 3114 AT
2075 3069 2159 3112 edd.

203 3152 253 3194 10
274 3150 502 3195 licentium
524 3151 568 3194 H
692 3155 736 3194 et
757 3151 881 3194 omA
1011 3151 1064 3194 12
1084 3161 1154 3191 me
1174 3149 1302 3192 om.H
1430 3148 1479 3190 14
1499 3160 1628 3204 quem
1650 3160 1726 3189 om.
1740 3147 1842 3190 Tml
1962 3147 2012 3187 17
2034 3144 2165 3188 socie-

202 3229 295 3269 tate
315 3227 356 3280 (e
375 3226 448 3270 alt.
472 3238 524 3267 ex
546 3225 558 3267 i
577 3224 663 3279 m2)
680 3226 719 3267 A
812 3226 863 3269 18
879 3228 1128 3268 coartamur
1143 3225 1196 3267 M
1289 3220 1395 3277 non]
1418 3235 1522 3264 num
1547 3220 1582 3262 T
1676 3221 1728 3264 19
1749 3224 1847 3263 tuos
1867 3219 1978 3263 Am]
2070 3217 2163 3274 ipsa

201 3299 272 3344 illa
298 3302 334 3344 T
450 3300 500 3344 20
522 3298 847 3356 aliquantulum
876 3297 980 3343 Tm]
1082 3298 1152 3343 ‚22
1172 3298 1290 3353 quod
1310 3295 1508 3340 om.Am1
1631 3297 1680 3339 24
1702 3292 1868 3349 ordine]
1891 3291 2091 3338 ordinare
2112 3294 2164 3336 M

201 3375 252 3418 25
274 3378 397 3417 tenet
420 3373 526 3417 Pml
679 3374 730 3417 27
753 3387 807 3416 ex
828 3372 979 3417 ordine
1002 3384 1144 3416 rerum
1166 3374 1204 3415 A
1367 3370 1417 3414 25
1434 3368 1691 3427 ‹211³gilamus
1706 3369 1760 3412 M
1906 3366 2105 3411 auertisti
2130 3369 2164 3410 T

204 3449 256 3493 29
277 3447 394 3492 sorix
415 3449 454 3492 A
545 3449 596 3491 30
619 3459 817 3504 sermone
832 3451 948 3502 (corr.
966 3446 1054 3501 νηΐ)
1072 3447 1109 3489 Ρ

2204 1103 2250 1139 10

2198 1511 2248 1547 15

2200 1920 2250 1956 20

2200 2351 2249 2386 25

2200 2757 2248 2794 30
