2398 3724
708 173 791 216 ΙΙΙ.
835 174 972 217 Index
1011 173 1241 216 uerborum
1280 176 1324 217 et
1360 173 1644 216 locutionum.

2071 169 2166 221 201

218 338 514 381 conditionales
554 337 810 380 sententiae:
851 350 960 392 quae
1001 350 1151 392 capere
1230 349 1540 378 connumerare
1574 336 1671 386 148,
1702 336 1770 378 22.

268 411 577 461 moliebantur,
618 411 702 454 nisi
746 411 956 467 coegisset
997 410 1039 460 5,
1083 411 1151 453 17.

269 486 489 536 amiseras,
552 485 597 527 ni
662 490 704 527 te
769 484 966 528 indutiae
1030 498 1152 540 repa-

1229 409 1470 466 conperire:
1505 409 1874 452 barbarismorum
1910 423 2045 466 genus
2080 410 2169 454 tale

1286 487 1543 540 conpertum
1575 487 1640 526 est
1673 484 1767 534 178,
1799 485 1867 526 27.

270 565 436 603 rassent
489 561 556 610 22,
609 560 647 601 7.
700 558 814 602 uires
865 558 1017 608 dabat,
1068 557 1152 600 nisi
1229 557 1485 614 conpingere
1509 557 1751 600 nescientes
1773 557 1818 599 in
1842 557 2167 614 optatissimam

269 633 510 676 Carneades
540 632 775 676 restitisset
807 633 874 683 77,
906 633 973 675 21.

215 707 393 750 conexio
420 707 467 762 (i.
492 721 529 761 q.
555 705 784 762 conclusio)
821 706 890 757 65,
915 707 982 749 20.
1007 706 1075 756 68,
1099 706 1151 749 26

266 782 338 836 (cs.
364 782 510 837 Quint.
539 783 576 834 5,
601 782 666 834 14,
691 782 749 836 6).

1285 636 1445 675 terram
1476 632 1547 682 89,
1579 633 1646 674 14.

1229 706 1494 761 conprobare
1518 719 1550 747 c.
1573 705 1691 759 dupl.
1713 718 1866 748 accus:
1888 705 2166 749 inmortalem

1283 779 1475 822 animam
1509 780 1603 830 177,
1638 781 1675 822 1.

215 855 461 898 confectum
509 854 558 910 (ι’.
604 868 641 908 q.
688 854 823 910 dulce)
868 853 993 897 melle
1040 853 1150 897 farre
1184 863 1198 905 γ
1229 853 1558 909 conquiescente
1588 867 1656 896 me
1689 853 1806 909 apud
1835 866 1904 897 me
1933 854 2002 903 33,
2033 855 2071 896 1.

264 929 462 972 nuculeis
494 930 588 980 101,
620 929 662 971 5.

213 1003 403 1046 conferre
443 1016 683 1046 sermonem
721 1002 766 1044 in
804 1002 962 1044 librum
1000 1002 1072 1052 30,
1109 1002 1150 1044 5.

213 1076 443 1120 conficere:
478 1077 663 1133 pristina
697 1076 1015 1133 disceptatione
1051 1090 1150 1119 con-

267 1150 431 1193 fectum
463 1156 530 1194 est
559 1151 628 1201 45,
660 1151 729 1194 23.

211 1224 476 1280 confingere:
500 1225 606 1281 quid
628 1225 709 1267 sibi
731 1224 903 1267 animus
925 1224 1150 1280 confingat

265 1299 334 1348 66,
366 1300 407 1342 2.

208 1372 418 1415 conflare:
470 1372 637 1415 inuidia
672 1372 867 1415 conflata
902 1377 969 1415 est
1018 1374 1088 1422 32,
1122 1372 1148 1415 5

266 1446 338 1500 (cf.
373 1446 467 1489 Ter.
497 1447 611 1489 Eun.
641 1447 738 1498 875,
768 1446 856 1489 Cic.
888 1446 981 1489 Cat.
1011 1447 1051 1496 1,
1079 1445 1147 1488 23.

265 1519 377 1562 Cael.
420 1520 508 1575 29).
551 1520 754 1564 conflatis
794 1525 839 1563 et
878 1520 1147 1563 consentien-

265 1594 382 1636 tibus
431 1595 612 1637 uocibus
661 1597 702 1645 4,
754 1597 818 1637 14.
884 1608 937 1637 ne
988 1594 1147 1650 ingenii

262 1667 473 1711 scintillae
516 1668 812 1711 conflarentur
855 1668 950 1719 135,
992 1669 1033 1711 6.

207 1741 497 1784 conflictatio:
537 1742 940 1785 conflictationibus
977 1742 1145 1798 agitata

260 1816 477 1858 sententia
508 1818 579 1867 33,
612 1818 679 1860 18.

204 1889 446 1933 conflictio:
482 1890 550 1941 54,
587 1892 652 1934 12.
688 1892 757 1941 81,
794 1893 858 1934 14.
895 1904 931 1933 c.
967 1891 1144 1933 durauit
1181 1884 1183 1903 ³

265 1965 335 2014 78,
368 1966 433 2007 13.

203 2037 450 2080 conflictus:
509 2038 551 2080 in
609 2039 865 2081 conflictum
923 2039 1142 2082 redierant

258 2112 325 2161 12,
356 2112 395 2153 7.
428 2126 465 2154 c.
495 2112 690 2168 exsurgit
720 2113 791 2162 39,
823 2112 889 2155 15.

203 2184 486 2228 confundere:
524 2186 681 2242 quibus
719 2200 868 2228 cursus
904 2186 1141 2229 confunde-

258 2263 378 2301 retur
409 2261 477 2309 91,
510 2261 578 2303 17.

202 2333 423 2388 congelare
453 2334 496 2375 in
523 2341 744 2390 torporem
771 2334 950 2377 inertiae
979 2336 1074 2385 142,
1101 2336 1139 2378 9.

202 2420 392 2461 congrua
424 2408 610 2463 tempori
641 2408 752 2451 ratio
786 2410 855 2459 23,
886 2411 954 2451 14.

203 2481 488 2536 congruentia
554 2503 595 2515 z
653 2482 865 2538 ἁρμονίας
929 2482 1141 2525 uniuersi-

255 2554 360 2596 tatis
398 2557 493 2606 139,
532 2557 597 2599 18.
635 2557 827 2611 partium
866 2556 1141 2599 rationabilis

253 2628 414 2670 dicitur
447 2631 542 2680 170,
573 2632 640 2673 24.

200 2701 438 2757 coniuqatio
456 2718 470 2745 .·
509 2704 621 2746 faxis
645 2705 713 2752 32,
739 2705 806 2746 25.
831 2704 970 2746 ausim
995 2706 1066 2755 33,
1091 2706 1138 2747 11

254 2776 325 2829 (cs.
365 2777 458 2818 Ter.
494 2778 608 2820 Eun.
644 2778 759 2832 884).
796 2778 934 2821 rediet
969 2780 1039 2828 62,
1074 2779 1141 2821 27.

256 2850 469 2892 rediemus
501 2851 572 2902 50,
606 2854 671 2894 11.
719 2852 928 2894 fastidibo
962 2852 1058 2902 155,
1090 2853 1142 2896 23

255 2924 325 2978 (ej.
386 2924 479 2966 Ter.
511 2925 665 2967 Heaut.
723 2926 803 2968 309
853 2926 973 2968 scibo
992 2942 1009 2981 ,·
1062 2927 1142 2969 619

254 2997 497 3053 opperibor)
554 3003 785 3042 exorturus
833 3001 902 3051 42,
951 3001 991 3043 3.
1046 3014 1142 3056 per-

254 3070 411 3113 fruitus
468 3073 536 3122 21,
594 3075 658 3116 13.
716 3074 890 3116 uincare
946 3074 1016 3124 36,
1074 3075 1142 3117 19.

251 3144 420 3199 patiare
458 3147 528 3196 38,
567 3147 634 3189 16.
674 3161 851 3202 grauere
889 3149 957 3197 44,
996 3149 1037 3190 4.
1078 3147 1142 3189 in-

253 3217 391 3260 fitiere
429 3220 497 3268 74,
533 3222 572 3262 4.
608 3220 762 3263 mirere
800 3222 898 3271 123,
934 3223 1001 3263 10.

200 3290 436 3346 coniuqalto
453 3293 642 3347 periphr.
660 3308 734 3347 pro
751 3295 893 3347 futuro
912 3310 924 3336 .·
942 3295 1142 3350 depreca-

255 3369 380 3406 turus
397 3379 491 3407 sum
511 3367 655 3416 152,9.
670 3367 867 3410 dicturus
882 3369 1054 3420 est⁷152‚
1071 3370 1134 3411 12.

198 3437 464 3482 conlustrare
496 3440 701 3482 uniuersa
734 3442 829 3491 154,
861 3443 929 3484 22.

1228 927 1488 983 conquisitio
1503 927 1595 970 ueri
1609 929 1680 976 31,
1697 928 1761 970 17.
1776 926 1977 970 ueritatis
1993 927 2165 979 112,15.

1228 1001 1458 1044 consecutio
1476 1004 1705 1056 temporum
1723 1016 1736 1044 .·
1753 1000 2009 1057 priusquam
2029 1015 2165 1057 quan-

1283 1079 1379 1118 tum
1427 1075 1506 1118 sibi
1552 1075 1735 1118 allatum
1781 1075 1914 1118 fuerit
1971 1075 2168 1119 audisset

1284 1151 1350 1200 17,
1406 1152 1443 1193 2.
1499 1163 1597 1192 cum
1653 1152 1894 1206 quaereret,
1949 1149 2055 1206 quid
2108 1149 2166 1193 sit

1282 1224 1634 1280 respondendum
1666 1225 1734 1274 21,
1765 1225 1832 1266 14.

1227 1299 1475 1341 consedere:
1527 1299 1582 1340 ad
1633 1297 1955 1340 consedendum
2006 1297 2162 1341 uocaui

1283 1373 1350 1422 93,
1384 1373 1448 1415 16.

1227 1460 1468 1489 consessus:
1505 1459 1751 1489 consessum
1788 1444 2032 1488 dimisimus
2067 1445 2165 1497 185,

1286 1522 1352 1564 13.

1225 1594 1444 1637 considere
1480 1595 1547 1645 97,
1583 1595 1648 1638 10.
1684 1594 1779 1644 106,
1813 1594 1880 1636 20.

1224 1668 1471 1711 consolator
1511 1668 1795 1724 philosophus
1836 1669 1903 1718 74,
1946 1668 2012 1710 16.

1224 1742 1489 1785 constitutus
1526 1763 1572 1777 =
1611 1743 1693 1785 div:
1735 1742 1814 1785 sub
1853 1741 2024 1785 casibus
2062 1755 2162 1785 con-

1279 1816 1439 1859 stituta
1469 1817 1563 1867 109,
1595 1818 1659 1860 13.
1691 1817 1744 1870 cf.
1776 1816 1870 1867 108,
1901 1817 1966 1859 21.
1998 1817 2091 1867 139,
2121 1817 2161 1859 8.

1222 1890 1440 1934 consulere
1463 1891 1602 1947 magis
1624 1890 1833 1934 uictoriae
1857 1904 1989 1946 quam
2013 1891 2159 1933 animo

1279 1966 1349 2015 30,
1382 1967 1447 2008 11.

1180 2047 1182 2057 '
1221 2043 1514 2082 contemtores
1529 2039 1732 2082 fortunae
1750 2038 1821 2081 uel
1836 2038 2017 2081 uberum
2035 2040 2103 2090 47,
2119 2038 2160 2081 5.

1220 2117 1470 2155 contortum
1513 2118 1556 2155 et
1585 2113 1834 2156 aculeatum
1874 2113 1945 2168 (cs.
1969 2112 2057 2156 Cic.
2082 2113 2158 2155 Ac.

1276 2186 1326 2227 II
1351 2187 1420 2242 75)
1456 2188 1550 2237 100,
1580 2187 1647 2231 15.

1219 2264 1490 2306 contractus:
1527 2261 1571 2302 in
1605 2260 1723 2303 omni
1758 2265 1988 2303 contractu
2024 2265 2158 2316 atque

1275 2335 1604 2378 conuersatione
1641 2348 1739 2377 cum
1774 2334 2026 2377 hominibus
2064 2335 2162 2385 164,

1276 2410 1342 2452 27.

1220 2483 1481 2525 contrarius:
1546 2483 1764 2526 contraria
1824 2504 1869 2518 Ξ
1939 2483 2157 2526 ἀντίθετα

1277 2558 1371 2607 133,
1410 2559 1476 2600 20.
1515 2557 1655 2600 fateor
1692 2571 1761 2599 me
1800 2557 2034 2600 formidare
2073 2556 2161 2599 ista

1276 2631 1495 2674 contraria
1528 2632 1622 2681 160,
1654 2633 1721 2674 20.

1220 2705 1515 2748 controuersia
1545 2706 1665 2748 uerbi
1696 2707 1764 2755 40,
1797 2707 1863 2749 11.
1897 2707 1963 2747 20.

1221 2780 1498 2822 contumacia
1528 2793 1735 2835 generosa
1766 2780 1833 2829 21,
1866 2780 1932 2822 23.

1220 2854 1423 2895 conuenit
1451 2854 1502 2896 de
1532 2867 1575 2896 re
1603 2854 1716 2896 inter
1744 2867 1822 2896 nos
1851 2853 1921 2903 51,
1949 2853 1987 2895 6.

1221 2941 1497 2982 conuergere:
1524 2928 1733 2978 medium,
1759 2941 1845 2982 quo
1873 2932 2032 2969 cuncta
2058 2939 2158 2968 con·

1275 3006 1463 3056 uergunt
1495 3002 1589 3051 123,
1623 3002 1688 3044 12.

1220 3074 1471 3117 conuiuium
1502 3075 1649 3117 transl.
1683 3076 1777 3124 114,
1808 3075 1874 3117 20.
1909 3072 2003 3123 115,
2035 3073 2100 3115 26.

1219 3148 1524 3204 copiosissimis
1553 3148 1795 3190 rationibus
1825 3147 2056 3190 adfirmare
2085 3147 2157 3196 31,

1276 3223 1342 3265 20.

1219 3296 1349 3338 corda
1371 3315 1417 3330 =
1449 3295 1627 3337 chorda:
1651 3295 1777 3351 pulsa
1801 3309 1836 3337 c.
1863 3296 1957 3344 170,
1973 3293 2039 3336 28.

1220 3369 1423 3411 cordatus
1455 3370 1550 3419 109,
1582 3370 1647 3411 17.

1219 3456 1351 3484 cornu
1383 3442 1489 3494 uiae,
1511 3443 1577 3492 72,
1610 3443 1676 3485 26.
