2398 3724
1111 214 1152 258 4,
1191 210 1357 255 33-36
2121 196 2214 251 115

264 367 444 419 beatus
473 370 566 418 est.
615 364 710 417 hoc
740 371 817 415 est
846 363 1033 415 animis
1061 363 1214 414 deum
1242 361 1448 425 habere,
1477 361 1529 413 id
1560 366 1637 413 est
1665 362 1760 414 deo
1789 361 1996 430 perfrui.
2045 366 2215 414 cetera

262 447 396 499 enim
435 445 672 514 quamuis
708 462 737 497 a
772 446 866 497 deo
899 443 1210 506 habeantur,
1245 459 1349 495 non
1381 442 1580 495 habent
1614 443 1784 496 deum.

393 543 470 595 35.
505 540 806 594 Admonitio
837 545 1011 592 autem
1046 539 1320 607 quaedam,
1354 554 1486 606 quae
1516 538 1783 590 nobiscum
1815 538 1939 607 agit,
1972 543 2031 590 ut
2061 538 2215 590 deum

261 623 603 685 recordemur,
623 626 683 673 ut
702 638 818 673 eum
840 637 1166 689 quaeramus,
1186 624 1247 671 ut
1265 636 1381 672 eum
1402 618 1550 688 pulso
1572 620 1711 671 omni
1731 619 1940 671 fastidio
1960 619 2215 683 sitiamus,

206 723 226 758 5
262 706 324 756 de
355 704 466 773 ipso
500 704 564 755 ad
598 719 690 755 nos
722 702 865 754 fonte
898 701 1135 754 ueritatis
1168 706 1395 754 emanat.
1446 701 1543 752 hoc
1574 699 1903 752 interioribus
1935 699 2215 753 luminibus

262 785 448 838 nostris
472 784 621 836 iubar
645 783 719 836 sol
739 783 823 835 ille
857 788 1080 836 secretus
1114 781 1360 835 infundit.
1403 781 1555 834 huius
1579 787 1657 834 est
1680 798 1859 833 uerum
1885 798 2050 844 omne,
2077 782 2215 850 quod

263 866 536 934 loquimur,
567 866 724 917 etiam
756 865 965 932 quando
996 863 1164 916 adhuc
1194 862 1474 915 uel‘minus
1505 863 1644 915 sanis
1674 862 1756 914 uel
1782 868 1993 931 repente
2024 863 2215 930 apertis

263 947 419 1000 oculis
447 948 693 999 audacter
720 946 954 998 conuerti
977 951 1029 997 et
1052 950 1224 997 totum
1246 944 1437 996 intueri
1460 944 1795 1012 trepidamuS,
1820 943 2049 1011 nihilque
2075 943 2215 996 aliud

261 1028 418 1080 etiam
446 1028 542 1080 hoc
573 1032 790 1095 apparet
819 1043 925 1079 esse
955 1042 1113 1094 quam
1143 1026 1296 1078 deum
1325 1025 1468 1078 nulla
1495 1025 1890 1094 degeneratione
1919 1025 2216 1093 inpediente

179 1128 226 1164 10
263 1109 565 1177 perfectum.
598 1125 720 1160 nam
751 1108 823 1160 ibi
853 1113 1024 1160 totum
1056 1113 1215 1175 atque
1247 1123 1397 1159 omne
1427 1106 1713 1175 perfectum
1745 1111 1823 1159 est
1853 1106 2106 1174 simulque
2137 1110 2216 1158 est

264 1190 794 1258 omnipotentissimus
827 1190 968 1242 deus,
1023 1189 1108 1240 sed
1142 1194 1321 1240 tamen
1356 1188 1604 1256 quamdiu
1639 1188 1949 1256 quaerimUS,
1984 1188 2216 1239 nondum

261 1273 370 1340 ipso
394 1271 538 1324 fonte
563 1275 737 1339 atque,
762 1275 822 1322 ut
846 1270 931 1322 illo
956 1269 1114 1322 uerbo
1138 1275 1275 1333 utar,
1300 1269 1622 1337 plenitudine
1647 1269 1870 1321 saturati
1892 1270 2123 1321 nondum
2149 1269 2215 1321 ad

262 1358 495 1405 nostrum
524 1353 736 1404 modum
765 1368 856 1404 nos
885 1351 1179 1419 peruenisse
1207 1350 1467 1403 fateamur
1496 1355 1548 1402 et
1575 1350 1689 1402 ideo
1720 1350 1958 1418 quamuis
1985 1350 2090 1402 iam
2120 1350 2215 1402 deo

262 1434 543 1486 adiuuante
585 1434 815 1486 nondum
858 1437 1036 1485 tamen
1078 1431 1336 1500 sapientes
1379 1449 1436 1484 ac
1462 1431 1604 1484 beati
1629 1448 1818 1484 sumus,
1846 1430 1933 1483 illa
1959 1435 2036 1483 est
2059 1432 2216 1500 igitur

177 1532 225 1568 15
262 1514 415 1583 plena
454 1514 667 1566 satietas
707 1514 1015 1577 animorum,
1056 1513 1153 1566 hoc
1195 1518 1273 1565 est
1312 1512 1468 1566 beata
1507 1513 1635 1576 uita,
1666 1513 1747 1581 pie
1777 1512 2104 1581 perfecteque
2134 1529 2216 1565 co-

259 1612 515 1665 gnoscere,
543 1613 573 1648 a
599 1611 700 1664 quo
727 1596 986 1648 inducaris
1017 1595 1070 1646 in
1101 1594 1394 1658 ueritatem,
1429 1611 1532 1663 qua
1556 1594 1776 1646 ueritate
1799 1593 2092 1662 perfruaris,
2126 1610 2217 1661 per

263 1677 383 1745 quid
408 1677 692 1729 conectaris
716 1694 917 1730 summo
940 1677 1110 1729 modo,
1156 1693 1287 1744 quae
1310 1676 1412 1728 tria
1435 1692 1595 1727 unum
1619 1677 1772 1728 deum
1796 1674 2215 1744 intellegentibus

263 1775 520 1826 unamque
571 1758 921 1810 substantiam
972 1756 1188 1809 exclusis
1239 1756 1564 1810 uanitatibus
1613 1757 1789 1809 uariae
1836 1756 2215 1825 superstitionis

262 1840 558 1892 ostendunt.
573 1870 634 1875 —
653 1840 750 1891 Hic
765 1843 932 1890 mater
944 1838 1218 1907 recognitis
1233 1837 1419 1902 uerbiS,
1437 1854 1568 1907 quae
1583 1855 1704 1890 suae
1718 1839 1993 1891 memoriae
2008 1839 2215 1906 penitus

172 1939 222 1975 20
256 1919 614 1983 inhaerebant,
646 1926 697 1972 et
729 1920 875 1988 quasi
907 1919 1157 1989 euigilans
1186 1919 1240 1971 in
1271 1919 1429 1972 fidem
1461 1936 1609 1972 suam
1639 1936 1845 1972 uersum
1874 1919 2020 1971 illum
2052 1936 2216 1972 sacer-

261 2002 396 2054 dotis
434 2002 619 2054 nostri:

706 2061 878 2113 foue
933 2066 1367 2128 precantes,
1416 2060 1769 2123 trinitas,

256 2192 392 2245 laeta
424 2193 611 2244 effudit
643 2198 800 2261 atque
834 2193 1073 2245 subiecit:
1110 2192 1251 2244 Haec
1286 2198 1363 2244 est
1396 2192 1536 2245 nullo
1570 2192 1866 2262 ambigente
1899 2193 2052 2245 beata
2087 2193 2214 2256 uita,

260 2290 390 2341 quae
414 2275 525 2326 uita
549 2273 778 2342 perfecta
802 2279 896 2337 est,
923 2274 987 2326 ad
1014 2290 1171 2342 quam
1197 2290 1287 2326 nos
1312 2273 1621 2326 festinantes
1646 2290 1793 2342 posse
1818 2274 2029 2342 perduci
2054 2274 2217 2326 solida-

173 2372 223 2408 25
259 2355 361 2407 fide
395 2355 549 2407 alacri
584 2372 671 2424 spe
704 2355 951 2425 flagranti
984 2355 1202 2408 caritate
1235 2356 1670 2423 praesumendum
1705 2361 1797 2407 est.

390 2452 468 2503 36.
499 2451 652 2520 ErgO,
680 2452 912 2519 inquam,
943 2452 1190 2519 quoniam
1218 2452 1402 2504 modus
1430 2451 1537 2519 ipse
1565 2467 1658 2503 nos
1687 2451 1934 2503 admonet
1962 2454 2014 2502 et
2041 2450 2215 2502 conui-

262 2532 399 2583 uium
428 2531 600 2600 aliquo
625 2532 900 2584 interuallo
926 2533 1124 2584 dierum
1151 2532 1484 2602 distinguere,
1513 2537 1738 2601 quantas
1765 2549 1857 2600 pro
1884 2532 2079 2584 uiribus
2102 2548 2215 2601 pos-

260 2629 389 2675 sum,
419 2613 612 2682 gratias
644 2631 739 2683 ago
771 2630 971 2666 summo
1002 2618 1054 2665 et
1084 2629 1206 2665 uero
1236 2614 1331 2666 deo
1361 2614 1517 2682 patri,
1560 2614 1770 2666 domino
1811 2613 2076 2666 liberatori
2107 2613 2215 2665 ani-

259 2710 477 2756 marum,
509 2695 692 2746 deinde
722 2695 885 2758 uobiS,
918 2695 1004 2763 qui
1034 2695 1355 2747 concorditer
1383 2695 1595 2747 inuitati
1625 2694 1802 2747 multis
1832 2695 1989 2747 etiam
2020 2712 2100 2747 me
2130 2711 2215 2746 cu-

380 2879 430 2923 22
454 2878 651 2922 Arnbros.
676 2880 825 2935 hymn.
854 2879 897 2923 II
919 2881 972 2923 32
996 2879 1121 2934 (XVI
1145 2881 1250 2924 1474
1271 2881 1336 2936 Μ)

382 2998 400 3038 1
436 2998 581 3041 animo
604 2997 680 3042 Ism
713 2997 848 3041 animi
871 2999 1025 3054 31me
1058 2998 1256 3041 animum
1287 3011 1314 3039 a
1479 2998 1562 3042 frui
1582 2998 1677 3043 ,Um
1847 3000 1870 3040 4
1904 2998 1977 3043 ali.
2003 2997 2071 3054 ut]
2104 3003 2148 3042 et
2181 2998 2216 3040 L

262 3070 556 3125 pulsos*omni
587 3074 623 3127 (s
647 3072 748 3126 ras.)
772 3072 810 3113 A
968 3073 993 3114 5
1025 3071 1227 3116 ueritatis
1249 3073 1453 3128 om.LMp
1598 3076 1623 3118 6
1655 3073 1811 3116 uestris
1844 3085 1894 3115 ex
1927 3071 2087 3115 nostris
2109 3071 2212 3114 Dm?

262 3157 410 3186 uerum
434 3146 473 3187 A
495 3145 677 3188 uerbum
697 3146 816 3201 LMp
947 3147 969 3189 7
991 3162 1056 3202 pr.
1081 3147 1149 3190 uel
1170 3159 1282 3202 omip
1414 3147 1464 3189 14
1486 3145 1604 3189 beati
1626 3160 1779 3189 sumus
1800 3143 1910 3190 Am?
1932 3145 2212 3188 beatissimus

264 3218 411 3261 AmlL
504 3219 554 3261 15
575 3219 679 3261 haec
700 3235 739 3263 m
833 3219 884 3261 16
905 3219 1111 3264 indicaris
1132 3221 1167 3263 L
1274 3222 1322 3263 17
1346 3218 1492 3275 modo]
1517 3221 1631 3263 bono
1651 3235 1679 3275 p
1785 3221 1834 3263 18
1855 3218 2070 3262 uanitatis
2091 3219 2211 3273 LMp

259 3291 642 3347 superstitionibus
661 3308 689 3348 p
822 3294 871 3336 19
892 3293 970 3337 hoc
995 3294 1029 3336 L
1049 3293 1115 3337 his
1136 3308 1162 3337 a
1308 3295 1358 3337 20
1380 3294 1564 3338 uerbum
1590 3294 1735 3349 LMap
1862 3292 1969 3336 illud
1991 3293 2086 3339 Ma,
2101 3305 2211 3346 omp

264 3366 315 3408 22
338 3365 555 3420 precantis
580 3365 778 3410 AmJLM
912 3368 964 3411 23
987 3366 1182 3411 effundit
1200 3367 1289 3411 LM
1431 3369 1482 3410 25
1507 3381 1579 3424 spe
1602 3370 1642 3421 (e
1664 3380 1712 3409 ex
1735 3380 1768 3414 r,
1790 3381 1807 3409 3
1831 3380 1861 3409 s.
1877 3365 2018 3421 m2)A
2127 3363 2212 3407 fra-

260 3438 398 3492 glanti
422 3440 529 3482 Am]
553 3439 768 3495 flagrante
788 3440 874 3482 edd.
994 3441 1046 3485 26
1066 3443 1108 3484 et
1130 3441 1374 3485 om.LMam
1494 3441 1547 3486 28
1567 3436 1706 3498 patri}-
1733 3442 1770 3484 A
1872 3439 2081 3483 liberator
2104 3439 2211 3481 Am]

2068 3526 2120 3570 8*
