2398 3724
216 168 282 220 44
792 182 822 224 Ι.
868 181 1085 226 Contra
1128 181 1508 227 Academicos

216 336 371 406 plices
399 336 685 389 utilitatem
715 335 880 404 primo
912 335 1063 387 huius
1093 334 1443 403 inquisitionis
1473 352 1609 390 suae.
1644 353 1774 405 quae
1805 344 1895 390 aut
1926 339 2188 407 superflua

215 426 309 481 est,
341 425 401 472 ut
431 418 628 487 opinor,
661 424 713 470 et
743 417 787 470 ei
816 417 982 470 multo
1014 417 1178 485 magis
1207 417 1514 485 respondere
1545 418 1865 486 superfluum
1896 427 1974 473 est
2006 428 2112 478 aut,
2146 423 2184 474 si

216 501 491 553 commoda
522 499 637 552 uisa
669 498 825 552 fuerit
858 506 910 552 et
946 516 976 552 a
1007 516 1088 551 me
1123 498 1367 568 explicari
1401 499 1708 568 nequiuerit,
1745 502 1972 569 precario
2009 502 2100 555 abs
2135 511 2184 556 te

215 583 504 651 impetrem,
539 589 599 635 ut
631 581 867 650 magistri
900 581 1133 634 officium
1165 597 1228 633 ne
1261 597 1488 649 grauere.
1524 613 1589 617 ——
1619 582 1918 646 Meministi,
1952 583 2182 654 inquam,

214 664 320 717 heri
347 682 428 717 me
455 681 566 717 esse
592 663 883 733 pollicitum
909 664 971 715 de
997 662 1112 715 istis
1139 662 1406 715 uocabulis
1433 671 1551 732 post
1580 671 1833 717 acturum.
1864 672 1914 718 et
1942 683 2079 718 nunc
2104 667 2184 718 ille
2221 685 2246 721 5

215 747 288 799 sol
312 748 574 809 admonet,
599 752 659 799 ut
685 762 815 815 quae
837 745 1037 797 ludicra
1057 744 1228 814 pueris
1251 745 1493 814 proposui
1516 746 1746 815 redigam
1768 746 1821 798 in
1843 747 2017 811 cistas,
2042 765 2186 817 prae—

215 829 392 882 sertim
419 845 536 881 cum
563 845 624 880 ea
647 827 865 880 ornandi
890 827 994 879 iam
1019 827 1194 895 potius
1222 844 1378 896 quam
1403 828 1661 880 uendendi
1687 828 1856 898 gratia
1881 845 2182 898 proponam.

214 928 351 963 nunc
385 917 669 979 antequam
702 909 880 963 stilum
912 916 1150 962 nostrum
1182 909 1425 962 tenebrae
1459 917 1729 979 occupent,
1767 927 1897 980 quae
1932 919 2182 980 patronae

215 993 642 1046 Academicorum
672 991 837 1045 solent
867 1009 993 1054 esse,
1025 991 1141 1044 uolo
1172 991 1307 1044 inter
1335 1008 1427 1044 nos
1456 991 1607 1045 hodie
1637 992 1932 1061 plenissime
1963 1002 2182 1050 constet.

215 1076 278 1127 ad
309 1092 465 1144 quam
494 1074 851 1144 quaestionem
878 1073 1028 1125 nobis
1055 1073 1416 1142 explicandam
1442 1090 1593 1126 mane
1620 1076 1934 1144 surgendum
1960 1076 2043 1129 sit.
2090 1076 2187 1129 ita·
2222 1095 2274 1131 ιι)

216 1175 312 1226 que
340 1157 591 1226 responde
622 1173 828 1225 quaesO,
857 1163 1035 1209 utrum
1061 1155 1158 1208 tibi
1185 1156 1464 1209 uideantur
1490 1156 1786 1209 Academici
1812 1157 2054 1210 habuisse
2082 1175 2185 1211 cer—

212 1246 323 1292 tam
353 1240 416 1292 de
445 1239 667 1292 ueritate
697 1238 1011 1291 sententiam
1041 1245 1092 1290 et
1122 1255 1237 1290 eam
1265 1244 1457 1291 temere
1486 1238 1676 1308 ignotis
1705 1239 1789 1292 uel
1817 1256 1921 1292 non
1950 1241 2182 1310 purgatis

215 1321 399 1374 animis
432 1322 645 1390 prodere
679 1320 920 1383 noluisse,
958 1336 1023 1372 an
1056 1336 1176 1373 uero
1210 1320 1287 1373 ita
1319 1321 1586 1383 senserint,
1622 1328 1681 1374 ut
1715 1337 1892 1374 eorum
1925 1339 1976 1374 se
2009 1323 2184 1391 dispu-

213 1403 440 1457 tationes
478 1403 690 1456 habent.

345 1501 424 1554 30.
455 1501 588 1553 Tum
614 1500 720 1553 ille:
759 1499 891 1561 Quid
921 1499 1020 1551 illis
1049 1499 1207 1551 animi
1235 1499 1405 1559 fuerit,
1434 1499 1621 1568 inquit,
1650 1517 1755 1553 non
1781 1507 1973 1554 temere
2003 1501 2186 1554 confir-
2221 1520 2271 1555 15

214 1582 384 1635 mabo.
436 1599 559 1635 nam
594 1588 850 1651 quantum
883 1599 947 1634 ex
978 1581 1120 1634 libris
1153 1581 1319 1652 colligi
1352 1582 1523 1645 datur,
1557 1588 1617 1635 tu
1649 1582 1830 1635 melius
1863 1583 2016 1646 nosti,
2053 1600 2182 1652 quae

214 1665 264 1716 in
296 1664 458 1718 uerba
489 1664 803 1718 sententiam
836 1681 984 1716 suam
1017 1680 1248 1733 promere
1282 1663 1505 1728 soleant;
1539 1681 1620 1717 mc
1654 1671 1831 1718 autem
1861 1666 1924 1717 de
1958 1682 2038 1718 me
2069 1666 2180 1735 ipso

213 1747 252 1799 si
286 1746 526 1810 consulis,
560 1747 834 1799 inuentum
866 1747 1099 1799 nondum
1130 1763 1241 1799 esse
1273 1763 1452 1799 uerum
1485 1753 1630 1815 puto.
1666 1747 1799 1800 addo
1834 1746 2008 1809 etiam,
2046 1748 2178 1816 quod

211 1830 274 1882 de
308 1829 631 1882 Academicis
664 1828 959 1898 flagitabas,
993 1844 1089 1881 nec
1118 1846 1268 1897 posse
1299 1828 1517 1881 inueniri
1550 1846 1631 1881 me
1664 1834 1848 1898 putare
1882 1846 1986 1882 non
2017 1829 2181 1883 solum

212 1911 395 1964 inolita
418 1928 575 1980 quarn
595 1927 796 1979 semper
818 1911 920 1963 fere
942 1909 1362 1963 animaduertisti
1383 1910 1622 1979 opinione
1642 1928 1759 1963 mea
1778 1912 1866 1964 sed
1888 1911 2046 1964 etiam
2069 1928 2186 1964 auc-
2218 1930 2270 1966 20

214 1993 428 2046 toritate
465 2009 771 2062 magnorum
815 1992 1338 2061 excellentiorumque
1375 1992 1815 2062 philosophorum,
1867 1993 2052 2062 quibus
2091 2010 2182 2046 nos

212 2075 455 2144 praebere
489 2075 620 2128 colla
650 2075 756 2128 siue
789 2075 1098 2128 inbecillitas
1130 2081 1310 2127 nostra
1340 2074 1446 2127 siue
1479 2075 1734 2144 sagacitas
1766 2075 2012 2144 ipsorum,
2046 2075 2185 2129 ultra

215 2174 371 2226 quam
395 2157 522 2209 nihil
544 2157 647 2210 iam
671 2157 889 2209 inueniri
914 2174 1063 2226 posse
1087 2157 1401 2209 credendum
1424 2163 1519 2220 est,
1545 2157 1715 2210 nescio
1743 2174 1842 2226 quo
1867 2158 2020 2210 modo
2047 2174 2183 2210 com—

215 2239 374 2308 pellit.
407 2271 473 2276 —
503 2240 618 2292 Hoc
649 2246 744 2301 est,
778 2239 1008 2308 inquam,
1046 2239 1181 2308 quod
1214 2238 1371 2291 uolui.
1405 2255 1527 2291 nam
1558 2239 1787 2302 uerebar,
1823 2256 1902 2302 ne,
1937 2256 2054 2291 cum
2085 2239 2181 2292 tibi

216 2339 418 2390 quoque
446 2322 497 2374 id
528 2321 792 2375 uideretur
822 2322 956 2390 quod
987 2321 1129 2384 mihi,
1158 2320 1448 2390 disputatio
1478 2329 1657 2373 nostra
1682 2338 1869 2373 manea
1900 2329 2183 2374 remaneret
2217 2339 2270 2375 25.

213 2404 350 2455 nullo
379 2404 653 2466 existente,
685 2403 771 2472 qui
799 2421 862 2456 ex
890 2403 1052 2456 altera
1077 2409 1224 2472 parte
1251 2419 1358 2456 rem
1384 2403 1558 2455 uenire
1584 2403 1636 2454 in
1663 2420 1847 2455 manus
1875 2410 2093 2472 cogeret,
2122 2412 2179 2455 ut

211 2485 483 2555 diligenter
505 2492 760 2554 quantum
780 2502 1056 2554 possumus
1077 2492 1384 2538 uersaretur.
1407 2485 1583 2554 itaque
1605 2485 1645 2537 si
1665 2485 1715 2538 id
1738 2484 2013 2548 euenisset,
2034 2501 2182 2554 para-

212 2574 297 2620 tus
333 2584 473 2620 eram
506 2575 558 2620 te
593 2583 786 2636 rogare,
823 2573 882 2620 ut
919 2567 1345 2621 Academicorum
1380 2574 1553 2635 partes
1589 2567 1665 2619 ita
1697 2566 1995 2635 suscipereS,
2035 2567 2178 2636 quasi

212 2649 308 2702 tibi
331 2665 435 2702 non
464 2649 629 2702 solum
658 2649 954 2717 disputasse
985 2650 1070 2701 sed
1103 2649 1261 2701 etiam
1291 2649 1510 2702 sensisse
1542 2649 1839 2701 uiderentur
1872 2665 2049 2701 uerum
2078 2666 2179 2700 non

211 2748 359 2799 posse
397 2731 777 2800 comprehendi.
821 2730 1086 2799 quaeritur
1120 2747 1236 2800 ergo
1272 2731 1408 2784 inter
1441 2747 1548 2791 nos,
1586 2738 1762 2783 utrum
1797 2730 2002 2784 illorum
2039 2747 2184 2799 argu·
2216 2746 2269 2783 3⁴>

339 2928 359 2969 1
384 2931 487 2971 tuae
509 2927 549 2970 T
633 2930 658 2972 3
681 2927 898 2985 nequierit
920 2928 1020 2972 HJJ
1038 2940 1123 2970 non
1145 2926 1342 2983 quiuerit
1361 2927 1402 2970 T
1490 2928 1714 2983 pr*ecario
1737 2929 1780 2982 (a
1802 2927 1960 2982 ras.)P
2035 2926 2112 2971 abs
2136 2932 2178 2970 te

212 3016 278 3046 om
296 3001 336 3044 T
433 3006 457 3046 4
482 3014 722 3059 neg*auere
745 3009 781 3058 (r
804 3003 908 3058 ras)
925 3003 963 3045 P
1068 3001 1093 3044 5
1115 3000 1247 3045 fuisse
1268 3001 1308 3044 T
1401 3005 1582 3045 acturus
1603 3002 1657 3043 Μ
1759 3004 1784 3047 6
1806 3001 1943 3045 solam
1966 3006 2116 3045 monet
2139 3002 2178 3044 P

213 3076 405 3133 redigam
441 3076 481 3120 T
510 3076 763 3134 praedicam
796 3077 943 3121 HJJP
1090 3076 1134 3119 in
1168 3075 1279 3120 cista
1316 3077 1354 3120 P
1384 3075 1459 3119 hin
1492 3075 1626 3120 cistas
1657 3077 1770 3121 Hm]
1804 3075 1966 3120 incitat
1985 3075 2098 3119 Hm2
2133 3075 2176 3117 in

212 3156 382 3207 cystras
403 3151 458 3194 Jl
554 3151 578 3193 9
602 3151 864 3207 plenisisime
891 3152 929 3194 P
1021 3151 1069 3193 10
1090 3154 1156 3194 est
1177 3151 1230 3193 ΙΙΙ
1322 3153 1372 3194 13
1394 3150 1719 3207 disputationes
1744 3164 1786 3194 se
1809 3150 1894 3193 edd.
1988 3150 2040 3193 16
2062 3149 2179 3193 colli·

215 3227 343 3282 gatur
365 3226 460 3281 (om.
485 3227 635 3282 datur)
654 3227 707 3269 Μ
820 3226 864 3269 in
884 3239 998 3283 qnae
1020 3224 1059 3267 T
1210 3226 1263 3268 18
1284 3238 1436 3269 uerum
1461 3238 1551 3268 esse
1573 3239 1612 3268 m
1737 3225 1790 3269 19
1812 3223 1883 3280 de]
1906 3223 1961 3267 ab
1990 3220 2172 3275 ΜΡῃιὲἶ,

212 3300 317 3343 deest
340 3302 386 3344 in
407 3301 558 3344 PmJT
688 3301 739 3343 20
763 3300 939 3344 Insolita
964 3301 1000 3349 (s
1022 3299 1110 3356 ⁷222)
1126 3299 1165 3342 Ρ
1297 3298 1385 3342 fere
1407 3300 1543 3343 ovid]
1670 3297 2045 3342 animiaduertisti
2067 3299 2176 3343 Pml

212 3373 264 3417 ‘22
286 3375 501 3431 sagatitas
520 3376 627 3419 Pml
650 3374 916 3432 insagacitas
935 3375 989 3418 M
1053 3387 1203 3418 eorum
1225 3374 1279 3416 M
1344 3376 1395 3417 27
1418 3374 1452 3416 si
1474 3373 1723 3417 deuenisset
1743 3374 1840 3417 MP
1942 3375 1995 3418 28
2016 3373 2177 3416 achad-

211 3448 456 3493 michorum
481 3449 588 3494 sz
