2398 3724
922 208 991 251 III
1031 205 1096 256 15,
1137 208 1317 259 33—16‚
1356 206 1408 249 35
2081 196 2142 247 73

196 362 311 413 inde
344 360 508 413 uenio.
541 359 742 427 decepit
774 367 930 427 atque
962 359 1106 411 abiit.
1158 360 1244 411 sed
1279 359 1484 427 quando
1517 358 1614 410 iste
1645 357 2002 426 deciperetur?
2038 375 2140 410 non

197 442 330 495 enim
364 441 794 493 monstrationem
827 441 983 492 istam
1017 447 1285 508 tamquam
1324 456 1514 500 ueram,
1550 439 1734 507 inquit,
1770 439 2017 507 approbo,
2053 440 2138 491 sed

199 523 315 591 quia
341 529 420 575 est
446 522 549 574 ueri
574 521 768 579 similis,
796 529 845 573 et
871 521 952 573 hic
977 521 1198 574 otiosum
1224 538 1331 573 esse
1356 537 1449 572 nec
1474 521 1747 572 honestum
1773 536 1865 572 nec
1891 520 2012 572 utile
2038 528 2140 581 est3

197 604 293 656 hac
310 621 438 655 eam.
459 603 651 655 interea
673 602 767 659 ille,
791 603 875 670 qui
893 602 1219 655 assentiendo
1239 602 1430 654 errauit
1449 608 1559 654 tarn
1579 601 1679 654 cito
1699 601 2002 653 existimans
2023 618 2139 653 uera

138 703 158 739 5
193 702 301 738 esse
325 684 478 736 uerba
500 683 739 752 pastoris
763 683 815 734 in
836 683 943 735 loco
965 683 1065 745 1110,
1091 699 1190 751 quo
1212 682 1514 746 tendebant,
1537 682 1640 735 iam
1661 700 1712 734 se
1734 681 2014 743 reficiebat,
2045 682 2142 734 iste

197 774 371 818 autem
394 781 496 817 non
518 780 706 826 errans,
738 764 779 815 si
808 764 1012 832 quidem
1034 763 1298 833 probabile
1324 763 1570 832 sequitur,
1607 763 1859 816 circumiit
1881 762 2035 816 siluas
2058 780 2142 815 ne-

200 847 302 899 scio
329 864 455 914 quas
477 862 570 898 nec
588 846 692 897 iam
707 845 785 897 cui
801 845 939 898 locus
961 845 1040 897 ille
1063 851 1215 898 notus
1237 845 1320 907 sit,
1345 846 1407 897 ad
1434 862 1585 914 quem
1602 845 1772 897 uenire
1788 853 2141 913 proposuerat.

198 927 410 979 inuenit.
464 943 578 979 uere
614 926 759 978 uobis
793 926 979 988 dicam,
1018 943 1133 978 cum
1167 926 1270 979 ista
1306 926 1604 994 cogitarem,
1641 926 1799 978 risum
1834 932 2007 978 tenere
2041 942 2143 977 non

198 1009 359 1077 potui,
389 1008 496 1060 fieri
525 1024 613 1075 per
639 1007 1064 1060 Academicorum
1091 1007 1248 1060 uerba
1274 1007 1443 1060 nescio
1474 1025 1572 1076 quo
1600 1008 1770 1069 modo,
1801 1014 1857 1059 ut
1883 1013 2013 1059 erret
2041 1007 2137 1062 ille.

114 1109 161 1144 10
200 1089 283 1157 qui
308 1105 481 1141 ueram
506 1089 644 1141 uiam
670 1088 749 1141 uel
771 1106 895 1141 casu
917 1094 1075 1151 tenet,
1098 1088 1180 1141 ille
1203 1095 1394 1151 autem,
1422 1089 1506 1157 qui
1529 1105 1619 1157 per
1640 1089 1782 1141 auios
1805 1095 2007 1141 montes
2031 1104 2146 1156 pro-

200 1170 438 1223 babiliter
457 1171 646 1222 ductus
674 1177 752 1222 est
780 1186 873 1222 nec
899 1170 1119 1238 petitam
1148 1170 1404 1239 regionem
1433 1170 1647 1232 inuenit,
1676 1186 1779 1222 non
1808 1170 2047 1222 uideatur
2073 1185 2147 1222 er-

198 1268 323 1304 rare.
378 1259 435 1304 ut
469 1251 603 1303 enim
637 1251 962 1303 temerariam
996 1251 1382 1304 consensionem
1415 1251 1520 1303 iure
1555 1252 1908 1313 condemnem,
1944 1250 2143 1303 facilius

198 1332 350 1385 ambo
384 1339 571 1391 errant,
608 1349 762 1400 quam
794 1332 891 1385 iste
924 1349 1025 1384 non
1058 1339 1209 1385 errat.
1263 1332 1381 1384 hinc
1412 1332 1515 1385 iam
1546 1333 1823 1386 aduersum
1854 1332 1955 1384 ista
1991 1332 2144 1384 uerba

200 1413 495 1482 uigilantior
530 1413 640 1481 ipsa
681 1413 820 1466 facta
858 1413 1123 1466 hominum
1162 1420 1212 1466 et
1250 1408 1415 1466 niores
1454 1414 1773 1466 considerare
1813 1413 1970 1481 coepi.
2035 1420 2146 1466 tum

116 1512 164 1548 15
201 1511 317 1546 uero
338 1502 447 1546 tam
469 1494 635 1547 multa
654 1495 778 1550 mihi
799 1502 847 1547 et
869 1501 978 1547 tarn
999 1494 1242 1563 capitalia
1263 1495 1315 1546 in
1334 1495 1460 1548 istos
1481 1502 1733 1548 uenerunt
1753 1495 1804 1545 in
1823 1502 2066 1550 mentem.
2091 1504 2145 1547 ut

199 1576 301 1628 iarn
333 1592 435 1628 11011
467 1575 683 1628 riderem
715 1577 799 1627 sed
835 1576 1025 1643 partini
1057 1577 1406 1628 stomacharer
1438 1577 1628 1644 partini
1658 1576 1883 1628 dolerem
1915 1575 2145 1627 homines

202 1657 531 1709 doctissimos
554 1664 604 1708 et
626 1656 949 1709 acutissimos
980 1657 1031 1708 in
1061 1663 1211 1710 tanta
1242 1657 1428 1710 scelera
1460 1657 1834 1710 sententiarum
1866 1665 1915 1710 et
1948 1656 2144 1725 flagitia

200 1737 487 1789 deuolutos

332 1819 473 1870 XVI.
516 1820 594 1871 35.
637 1820 783 1871 (erte
824 1819 958 1871 enim
999 1836 1102 1871 non
1144 1819 1360 1872 fortasse
1402 1820 1582 1879 omnis,
1628 1820 1713 1888 qui
1755 1827 1906 1881 errat,
1950 1827 2146 1887 peccat.

116 1918 168 1954 20
205 1900 368 1952 omnis
401 1908 593 1960 tamen,
631 1900 715 1968 qui
751 1908 945 1968 peccat,
981 1907 1072 1952 aut
1106 1917 1270 1952 errare
1305 1901 1602 1953 conceditur
1634 1908 1725 1953 aut
1759 1901 1951 1968 aliquid
1988 1900 2145 1969 peius

203 1981 341 2049 quid,
388 1981 427 2033 si
476 1997 591 2049 ergo
634 1981 817 2048 aliquis
859 1980 1280 2042 adulescentium,
1332 1998 1447 2034 cum
1489 1982 1580 2034 hos
1628 1982 1848 2035 audierit
1894 1981 2147 2034 dicentes:

203 2068 368 2129 ‘turpe
391 2070 468 2113 est
487 2077 651 2113 errare
673 2069 723 2113 et
739 2062 850 2114 ideo
866 2061 990 2114 nulli
1013 2062 1081 2114 rei
1104 2063 1390 2116 consentire
1411 2063 1682 2126 debemus;
1705 2064 1791 2116 sed
1814 2070 2007 2121 tamen,
2033 2080 2149 2115 curn

203 2143 308 2211 agit
343 2143 571 2210 quisque,
607 2144 741 2211 quod
774 2143 816 2195 ei
849 2143 1054 2196 uidetur
1083 2144 1362 2212 probabile,
1396 2161 1487 2196 nec
1518 2151 1687 2197 cessat
1717 2161 1810 2196 nec
1840 2153 1991 2201 errat,
2026 2144 2147 2196 illud

206 2231 410 2276 tautum
446 2224 751 2282 meminerit,
790 2225 1037 2292 quidquid
1070 2226 1289 2277 occurrit
1326 2226 1407 2278 uel
1439 2226 1609 2295 animo
1648 2226 1728 2278 uel
1761 2226 2010 2287 sensibus,
2049 2243 2150 2278 11011

114 2323 162 2358 25
199 2322 287 2373 pro
322 2322 437 2357 uero
468 2323 575 2356 esse
600 2305 1010 2373 approbandum‘
1034 2337 1098 2341 -
1120 2306 1167 2357 id
1195 2306 1351 2370 igitur
1373 2307 1585 2358 audiens
1614 2307 1912 2359 adulescens
1943 2307 2151 2358 insidia-

204 2386 342 2438 bitur
364 2386 642 2453 pudicitiae
668 2386 1084 2438 uxorisalienae?
1116 2394 1181 2441 te.
1200 2394 1249 2439 te
1266 2386 1491 2449 consulo,
1522 2387 1691 2440 Marce
1714 2387 1870 2451 Tulli;
1892 2389 1954 2440 de
1977 2388 2151 2439 adule-

203 2467 452 2519 scentium
489 2467 714 2518 moribus
749 2467 957 2535 uitaque
986 2475 1288 2530 tractamus,
1327 2469 1405 2520 eui
1435 2470 1727 2523 educendae
1756 2477 1912 2538 atque
1945 2469 2152 2521 institu-

205 2549 363 2599 endae
402 2565 575 2599 omnes
610 2548 723 2600 illae
763 2548 963 2601 litterae
991 2556 1110 2601 tuae
1141 2550 1499 2616 uigilauerunt.
1527 2551 1646 2619 quid
1676 2551 1813 2602 aliud
1842 2551 2073 2604 dicturus
2102 2569 2152 2602 es

208 2646 360 2696 quam
390 2646 489 2679 non
513 2629 607 2681 tibi
623 2647 730 2681 esse
747 2630 1024 2697 probabile,
1052 2640 1109 2683 ut
1135 2632 1180 2682 id
1201 2632 1356 2684 faciat
1373 2631 1707 2685 adulescens?
1734 2631 1873 2684 atilli
1890 2631 2151 2700 probabile

117 2727 166 2762 30
203 2718 295 2762 est.
324 2727 443 2761 nam
468 2710 506 2760 si
531 2727 592 2761 ex
613 2711 775 2762 alieno
799 2711 1049 2779 probabili
1074 2712 1310 2767 uiuimus.
1330 2730 1421 2764 nec
1445 2721 1502 2765 tu
1526 2714 1749 2765 debuisti
1775 2713 2151 2765 amministrare

206 2807 307 2843 rem
333 2791 607 2858 publicam.
635 2792 749 2859 quia
771 2792 988 2860 Epicuro
1014 2794 1179 2844 uisum
1203 2802 1281 2845 est
1306 2811 1405 2845 11011
1428 2812 1534 2846 esse
1562 2795 1757 2846 faeiend
1769 2812 1867 2846 um.
1896 2794 2153 2846 adultera-

326 2994 349 3034 4
374 2991 459 3046 ille]
479 2993 563 3034 iam
589 2991 655 3035 ille
674 2993 709 3034 T
775 2993 799 3035 5
822 2994 950 3050 loquo
970 2994 1077 3037 Tm]
1148 2994 1236 3050 illo]
1259 2995 1342 3039 isto
1358 2998 1409 3040 M
1475 2997 1686 3040 tendebat
1706 3010 1732 3038 a
1797 2998 1822 3039 6
1844 2995 2089 3040 circumiuit
2106 2998 2153 3039 Jl

204 3064 408 3107 circumit
424 3065 531 3108 Tm]
554 3066 710 3110 circuit
736 3066 840 3109 Tm?
930 3069 979 3112 12
1000 3068 1263 3114 condemnet
1286 3070 1327 3111 H
1407 3071 1456 3115 13
1480 3075 1627 3113 errant
1645 3073 1781 3114 omull
1860 3070 1991 3114 uerba
2018 3071 2097 3113 ista
2122 3069 2157 3110 T

210 3137 258 3179 15
282 3147 324 3181 et
342 3138 452 3193 tam]
476 3140 611 3183 etiam
638 3141 741 3182 Tm]
769 3142 833 3183 uel
856 3145 1003 3184 tamen
1028 3142 1136 3185 Tm?
1269 3146 1316 3187 21
1339 3144 1681 3187 aduliscentium
1708 3147 1745 3188 P
1869 3145 1919 3186 22
1944 3144 2001 3186 rei
2021 3145 2155 3186 ovid!

208 3213 258 3255 23
279 3212 490 3256 uidentur
510 3213 549 3255 T
661 3212 819 3269 cessat]
845 3220 995 3271 peceat
1017 3216 1103 3257 edd.
1226 3217 1277 3260 24
1299 3231 1361 3273 pr.
1388 3219 1459 3261 uel
1480 3220 1614 3262 omli!
1730 3219 1782 3261 25
1805 3219 2079 3272 probandum
2104 3219 2152 3260 Δ11

205 3285 255 3325 26
280 3285 513 3342 pudititiae
533 3286 567 3326 T
643 3288 715 3329 all.
739 3290 782 3330 te
803 3291 938 3332 omit!
1014 3289 1353 3334 aduliscentium
1373 3292 1410 3334 P
1429 3292 1852 3336 adulescentulorum
1876 3293 1941 3345 (or
1962 3291 2095 3334 311121
2115 3293 2151 3332 II

208 3359 258 3402 27
283 3359 511 3414 uitamque
538 3361 574 3402 P
649 3360 901 3405 educandae
928 3362 1064 3404 Tedd.
1140 3364 1192 3406 28
1213 3363 1311 3407 illae
1331 3367 1536 3409 omMml
1616 3367 1668 3408 29
1687 3366 1754 3408 ille
1784 3367 1818 3408 P
1893 3366 1943 3407 30
1967 3364 2155 3407 debuisti

206 3435 253 3474 tu
278 3431 312 3472 T
412 3433 719 3476 administrare
745 3434 827 3477 llT
924 3437 972 3479 31
998 3436 1321 3481 adulterabitur
1346 3439 1384 3480 ll
