2398 3724
215 210 310 264 15ss
949 223 1031 266 ill.
1089 223 1172 267 De
1224 223 1465 267 ordine

210 377 486 430 moderans
539 393 631 429 nec
681 378 820 446 apud
871 394 924 430 se
977 376 1138 430 nimia
1183 393 1277 430 nec
1319 377 1538 430 ubilibet
1583 377 1751 431 aliena
1790 395 1898 432 esse
1936 379 2182 448 patietur.

210 458 490 511 summissa
515 460 774 528 quaedam
804 458 1178 528 impolitaeque
1206 458 1469 512 simillima
1499 459 1635 528 ipsos
1665 459 1827 513 saltus
1857 477 1917 513 ac
1940 468 2185 514 uenustos

216 541 353 593 locos
408 558 516 594 sese
568 540 903 610 interponens
957 541 1205 594 inlustrat
1258 541 1440 594 orati0.
1508 559 1639 610 quae
1686 541 1727 594 si
1781 542 1887 595 sola
1939 542 2024 605 sit,
2071 560 2187 612 pro-

210 622 301 675 icis
327 629 386 676 ut
410 623 591 686 uilem;
616 623 657 675 si
681 630 859 676 autem
883 622 1035 685 desit,
1060 623 1144 676 illa
1170 623 1384 691 pulchra
1411 640 1513 675 non
1538 623 1852 692 prominent,
1878 641 1982 677 non
2006 625 2058 676 in
2081 625 2184 678 suis

212 704 358 774 quasi
381 705 676 774 regionibus
701 705 1216 774 possessionibusque
1243 705 1586 759 dominantur
1610 705 1812 775 sibique
1839 706 1948 775 ipsa
1978 707 2185 776 propria

214 787 326 840 luce
360 787 575 840 obstant
608 794 887 856 totumque
921 787 1267 840 confundunt.

343 884 403 936 V.
437 882 656 953 Magnae
689 891 740 937 et
771 883 854 936 hic
884 884 1143 937 debentur
1174 883 1340 936 ordini
1370 884 1586 952 gratiae.
1638 883 1949 938 mentientes
1983 885 2186 938 conclu-

210 965 378 1019 siones
395 972 487 1018 aut
510 965 805 1035 inrepentes
830 966 1088 1035 paulatim
1114 966 1196 1019 uel
1218 965 1501 1019 minuendo
1526 966 1608 1019 uel
1630 967 1871 1020 addendo
1894 966 1946 1018 in
1969 968 2186 1020 assensi-

211 1064 363 1101 onem
392 1047 640 1101 falsitatis
673 1048 785 1117 quis
817 1065 921 1100 non
950 1054 1171 1111 metuat,
1217 1048 1329 1117 quis
1360 1065 1463 1100 non
1495 1047 1701 1102 oderit?
1744 1066 1896 1118 saepe
1926 1056 2105 1102 tamen
2134 1049 2183 1100 in

209 1129 658 1199 disputationibus
691 1130 842 1183 certis
873 1136 924 1183 et
954 1130 1058 1183 suis
1088 1129 1296 1183 sedibus
1328 1130 1630 1183 conlocatae
1659 1136 1870 1184 tantum
1903 1131 2096 1195 ualent,
2130 1140 2186 1184 ut

210 1212 382 1265 nescio
413 1229 515 1282 quo
537 1214 693 1265 modo
722 1229 813 1282 per
839 1230 923 1266 eas
951 1212 1217 1265 dulcescat
1245 1211 1355 1280 ipsa
1385 1212 1640 1281 deceptio.
1671 1229 1841 1266 nonne
1870 1212 1953 1266 hic
1982 1230 2186 1282 quoque

212 1296 338 1347 ordo
372 1294 482 1363 ipse
519 1294 860 1348 laudabitur?

345 1394 422 1445 14.
470 1392 582 1444 lam
622 1391 675 1443 in
716 1391 930 1449 musica,
983 1392 1035 1443 in
1075 1391 1408 1461 geometrica,
1452 1391 1504 1443 in
1544 1398 1805 1444 astrorum
1845 1391 2092 1454 motibuS,
2136 1391 2185 1443 in

210 1490 545 1526 numerorum
571 1474 969 1527 necessitatibus
998 1475 1122 1526 ordo
1147 1473 1221 1526 ita
1247 1473 1567 1535 dominatur,
1596 1480 1670 1531 ut,
1697 1473 1738 1525 si
1767 1473 1878 1542 quis
1907 1473 2054 1543 quasi
2079 1473 2186 1527 eius

210 1556 412 1609 fontem
442 1562 601 1625 atque
632 1556 803 1625 ipsum
834 1556 1097 1625 penetrale
1129 1555 1302 1609 uidere
1332 1555 1607 1614 desideret,
1639 1562 1731 1609 aut
1761 1555 1813 1607 in
1843 1555 1920 1608 his
1950 1555 2185 1609 inueniat

209 1646 303 1691 aut
329 1655 419 1707 per
443 1639 571 1691 haec
596 1656 655 1692 eo
681 1639 788 1692 sine
818 1638 919 1690 ullo
945 1655 1112 1691 errore
1138 1640 1379 1691 ducatur.
1427 1637 1547 1690 talis
1574 1638 1711 1690 enim
1738 1637 1978 1694 eruditio,
2005 1637 2047 1690 si
2074 1638 2185 1707 quis

209 1738 268 1773 ea
291 1723 559 1774 moderate
586 1728 983 1774 utatur—nam
1009 1720 1138 1772 nihil
1168 1720 1239 1772 ibi
1267 1737 1424 1789 quam
1448 1720 1667 1772 nimium
1691 1720 2081 1773 formidandum
2110 1728 2185 1773 est

210 1835 274 1840 ——
313 1804 473 1856 talem
507 1802 864 1872 philosophiae
893 1802 1115 1856 militem
1143 1803 1311 1855 nutrit
1341 1802 1422 1855 uel
1449 1802 1610 1855 etiam
1637 1803 1840 1864 ducem,
1871 1809 1928 1855 ut
1956 1804 2021 1855 ad
2050 1819 2187 1854 sum-

210 1902 354 1937 mum
374 1885 519 1937 illum
536 1887 768 1947 modum,
788 1885 923 1938 ultra
946 1887 1081 1954 quod
1101 1885 1357 1953 requirere
1377 1883 1574 1953 aliquid
1591 1901 1683 1938 nec
1703 1884 1866 1954 possit
1887 1902 1979 1938 nec
1997 1884 2185 1937 debeat

211 1984 303 2019 nec
330 1967 525 2036 cupiat,
556 1985 655 2037 qua
697 1968 826 2029 uult,
865 1968 1035 2021 euolet
1072 1973 1232 2036 atque
1270 1966 1542 2035 perueniat
1579 1967 1876 2035 multosque
1914 1968 2183 2035 perducat,

210 2051 346 2102 unde
365 2049 486 2112 iam,
507 2051 633 2102 dum
653 2050 775 2118 ipsis
794 2049 1037 2102 humanis
1057 2049 1209 2102 rebus
1228 2055 1487 2107 teneatur,
1507 2048 1580 2101 sic
1597 2066 1681 2102 eas
1700 2048 1956 2117 despiciat
1976 2055 2187 2101 cuncta-

210 2149 309 2199 que
341 2131 620 2194 discernat,
658 2140 713 2186 ut
750 2132 890 2184 nullo
924 2133 1079 2184 modo
1113 2149 1231 2185 eum
1265 2137 1493 2193 moueat,
1530 2147 1619 2183 cur
1651 2131 1780 2183 alius
1815 2136 1963 2199 optet
1996 2130 2181 2183 liberos

208 2212 398 2267 habere
426 2231 519 2267 nec
545 2214 755 2271 habeat,
785 2214 914 2267 alius
943 2214 1118 2267 uxoris
1144 2213 1306 2267 nimia
1334 2212 1657 2267 fecunditate
1684 2219 2009 2282 torqueatur,
2039 2219 2184 2281 egeat

208 2295 290 2347 ille
319 2296 556 2365 pecunia,
588 2297 672 2365 qui
704 2296 877 2366 largiri
905 2296 1187 2349 liberaliter
1213 2296 1379 2349 multa
1408 2301 1623 2365 paratus
1651 2302 1746 2353 est,
1775 2295 1924 2364 eique
1951 2294 2185 2347 defossae

208 2377 421 2431 incubet
461 2395 634 2432 macer
671 2385 722 2431 et
761 2378 1026 2431 scabiosus
1068 2378 1343 2440 fenerator,
1385 2377 1559 2446 ampla
1600 2376 1917 2446 patrimonia
1958 2376 2184 2428 luxuries

207 2460 475 2530 dispergat
494 2467 654 2530 atque
673 2460 959 2522 diffundat,
982 2461 1073 2513 uix
1091 2467 1206 2513 toto
1225 2461 1307 2514 die
1326 2460 1604 2513 lacrimans
1626 2459 1890 2512 mendicus
1913 2475 2183 2511 nummum

207 2541 472 2610 impetret,
499 2543 659 2596 alium
683 2543 848 2595 honor
871 2542 1090 2595 extollat
1114 2542 1402 2612 indignum,
1421 2542 1578 2594 lucidi
1603 2557 1767 2594 mores
1793 2541 2185 2593 abscondantur

209 2624 259 2675 in
298 2624 471 2678 turba.

342 2721 420 2774 15.
470 2721 611 2774 Haec
658 2728 707 2774 et
754 2721 854 2774 alia
902 2721 953 2772 in
998 2721 1269 2773 hominum
1315 2721 1425 2774 uita
1461 2726 1654 2789 cogunt
1689 2719 1922 2772 homines
1959 2719 2181 2787 plerum-

211 2820 309 2871 que
340 2803 478 2872 inpie
511 2805 714 2856 credere
746 2803 887 2855 nullo
919 2820 1009 2856 nos
1044 2803 1220 2856 ordine
1251 2802 1460 2856 diuinae
1492 2801 1852 2871 prouidentiae
1882 2799 2183 2870 gubernari;

341 3043 362 3085 1
386 3046 498 3099 aput
520 3043 627 3088 Pml
796 3046 820 3088 2
844 3042 1062 3087 submissa
1086 3043 1273 3087 AHMT
1440 3040 1599 3099 saltus]
1620 3041 1735 3084 altos
1758 3039 1913 3086 AmQT
1933 3040 2050 3084 altus
2074 3039 2180 3085 Aml

208 3119 233 3162 3
258 3119 348 3161 sola
362 3117 472 3161 Am?
495 3118 540 3161 in
563 3131 646 3161 νας.
740 3122 764 3163 4
787 3116 932 3161 desint
947 3118 1001 3160 M
1091 3118 1116 3161 5
1133 3116 1475 3173 possessionibus
1495 3115 1600 3161 Tml
1694 3115 1720 3159 8
1740 3115 1809 3158 uel
1831 3114 2034 3159 addendo
2056 3116 2181 3160 om.A

208 3191 499 3237 assessionem
516 3191 624 3237 Pml
647 3192 947 3236 assentionem
977 3195 1013 3237 T
1136 3193 1162 3235 9
1182 3192 1226 3234 in
1248 3191 1385 3235 omM
1490 3192 1540 3234 10
1562 3189 1748 3247 pedibus
1771 3190 1824 3232 M
1925 3189 2136 3234 collocare
2157 3204 2180 3232 a

221 3268 269 3311 13
291 3264 607 3324 gepiometrica
631 3269 678 3324 (v
699 3280 729 3310 s.
757 3280 780 3309 o
802 3265 890 3322 7122)
914 3267 951 3310 P
1082 3268 1133 3311 15
1157 3268 1354 3323 penetral
1375 3265 1429 3308 M
1520 3265 1742 3309 desiderat
1765 3265 1803 3307 A
1916 3263 1969 3309 16
1990 3277 2038 3307 eo
2061 3264 2184 3308 omA

211 3341 530 3387 talis—utatur
543 3342 680 3385 om.M
761 3342 810 3385 17
826 3339 904 3396 ibi]
921 3341 1083 3398 ubique
1102 3343 1139 3385 T
1153 3339 1316 3397 ubique
1331 3344 1396 3384 est
1414 3342 1453 3383 A
1525 3338 1578 3382 19
1590 3337 1727 3397 quod]
1745 3351 1878 3395 quem
1892 3354 1933 3383 m
2005 3339 2053 3381 21
2070 3351 2180 3381 cosa

213 3417 265 3461 23
286 3416 423 3459 nimia
445 3417 592 3461 uxoris
614 3417 702 3460 edd.
825 3415 1131 3460 foecunditate
1158 3416 1197 3459 P
1316 3415 1367 3460 25
1391 3412 1618 3459 incumbet
1641 3413 1806 3457 AMml
1919 3410 2120 3456 luxuriae
2148 3413 2183 3455 T

211 3492 462 3535 luxuriosus
484 3493 603 3548 (osus
626 3490 672 3534 in
695 3491 800 3546 ras.)
817 3492 855 3534 A
949 3491 1002 3534 2ss
1025 3493 1121 3533 tota
1146 3491 1185 3533 A

2225 1149 2271 1186 10

2225 1575 2271 1610 15

2223 1985 2272 2020 20

2221 2393 2269 2430 25

2220 2816 2270 2853 30
