2398 3724
134 1110 183 1146 10

131 1516 181 1552 15

129 1922 180 1958 20

130 2326 181 2362 25

995 195 1041 238 II
1079 195 1116 248 5,
1162 195 1313 243 11-6,
1355 195 1405 238 14
2102 183 2166 235 33

214 348 350 400 xime
377 347 630 416 pertinere
657 363 839 415 negare
863 363 965 398 non
988 363 1199 415 possum
1224 377 1289 382 —-
1311 346 1353 398 si
1374 364 1454 398 mc
1478 345 1747 415 paululum
1774 346 2167 414 conquiescente

215 430 352 497 apud
402 446 482 481 me
529 428 845 497 distinguere
892 429 995 480 ista
1042 428 1254 480 nomina
1300 433 1352 479 et
1400 443 1612 479 causam
1652 443 1817 479 nouae
1859 427 2167 480 Academiae

216 510 412 579 aperire
457 509 698 562 uolueris,
745 541 810 546 —
852 509 1138 570 Crederem,
1184 508 1372 577 inquit,
1419 526 1500 561 me
1547 525 1750 576 quoque
1790 524 1820 560 a
1855 508 2072 576 prandio
2115 514 2165 560 te

215 607 432 643 auocare
465 590 707 652 uoluisse,
743 590 795 641 ni
828 597 879 642 et
914 590 1077 659 magis
1113 607 1142 641 a
1174 589 1407 642 Licentio
1430 589 1672 642 territum
1696 590 1896 642 dudum
1928 595 2168 657 putarem

216 680 265 724 et
307 673 415 724 eius
455 671 739 740 postulatio
781 672 857 723 ita
896 671 1044 723 nobis
1086 671 1518 739 praescripsisset,
1561 677 1619 723 ut
1661 670 1705 723 ei
1745 676 1866 722 ante
1893 670 2170 739 prandium

216 753 467 822 quidquid
502 753 654 805 huius
690 752 1028 805 inuolutionis
1065 758 1202 805 esset
1238 752 1581 820 expediretur.
1617 783 1681 788 —
1713 753 1780 804 Et
1815 768 1932 804 cum
1971 751 2168 820 reliqua

214 835 380 887 dicere
414 836 667 896 tenderet,
695 840 863 886 mater
889 840 1068 886 nostra
1103 865 1169 870 —
1203 850 1325 885 nam
1350 833 1492 885 domi
1518 833 1622 885 iam
1649 849 1851 887 eramus
1877 864 1943 869 -—
1967 832 2044 885 ita
2075 850 2166 885 nos

214 917 420 968 trudere
464 916 516 966 in
562 915 838 984 prandium
885 915 1070 984 coepit,
1118 921 1178 966 ut
1223 914 1384 967 uerba
1429 914 1650 967 faciendi
1698 914 1838 966 locus
1877 930 1980 966 non
2017 921 2168 967 esset.

347 1011 436 1063 VI.
469 1013 544 1064 14.
576 1011 788 1072 Deinde,
819 1027 935 1063 cum
961 1017 1171 1063 tantum
1197 1010 1560 1062 alimentorum
1587 1010 1977 1078 accepissemus,
2008 1027 2168 1078 quan-

217 1099 330 1145 tum
351 1093 750 1160 compescendae
774 1092 898 1144 fami
931 1092 1059 1144 satis
1092 1097 1244 1144 esset.
1268 1093 1332 1144 ad
1366 1098 1575 1160 pratum
1608 1091 1846 1160 regressis
1879 1091 2026 1144 nobis
2049 1091 2169 1160 Aly-

217 1174 353 1242 pius:
390 1174 621 1235 Paream,
657 1173 841 1242 inquit,
876 1173 1163 1226 sententiae
1195 1179 1316 1225 tuae
1350 1189 1443 1225 nec
1475 1173 1642 1225 ausim
1674 1188 1921 1225 recusare.
1957 1173 1999 1225 si
2032 1172 2167 1225 enim

218 1255 343 1307 nihil
368 1272 448 1307 me
477 1255 679 1324 fugerit,
708 1254 954 1324 gratabor
981 1271 1097 1306 cum
1123 1254 1389 1307 doctrinae
1416 1260 1537 1306 tuae
1565 1261 1679 1307 tum
1706 1254 1866 1307 etiam
1893 1254 2167 1307 memoriae

215 1354 373 1388 meae.
415 1344 469 1388 at
490 1337 530 1388 si
549 1337 602 1387 in
623 1353 883 1404 quoquam
904 1336 1125 1388 fortasse
1145 1335 1464 1391 aberrauero,
1486 1335 1742 1388 recurabis
1762 1335 1830 1397 id,
1853 1341 1910 1387 ut
1929 1335 2167 1403 deinceps

216 1418 364 1470 huius
398 1418 537 1470 modi
570 1417 945 1487 delegationem
978 1434 1081 1470 non
1114 1417 1490 1485 pertimescam.
1527 1434 1691 1470 nouae
1726 1416 2034 1469 Academiae
2067 1417 2169 1469 dis-

218 1499 407 1551 cidium
443 1516 547 1550 non
583 1506 695 1551 tam
732 1506 907 1551 contra
949 1506 1175 1551 ueterem
1211 1504 1517 1566 conceptum
1556 1515 1712 1566 quam
1749 1504 1927 1550 contra
1970 1497 2166 1550 Stoicos

216 1580 436 1632 arbitror
469 1598 578 1632 esse
616 1587 947 1632 commotum.
979 1596 1071 1632 nec
1100 1595 1218 1632 uero
1247 1579 1521 1633 discidium
1550 1580 1858 1647 putandum,
1889 1578 1931 1630 si
1962 1579 2167 1647 quidem

215 1679 241 1714 a
268 1662 466 1713 Zenone
490 1662 708 1713 inlatam
732 1678 921 1714 nouam
947 1661 1303 1730 quaestionem
1324 1660 1538 1714 dissolui
1561 1660 1851 1729 discutique
1875 1660 2164 1729 oportebat.

215 1760 336 1794 nam
372 1744 434 1795 de
471 1760 574 1795 non
611 1743 933 1811 percipiendo
975 1743 1211 1811 quamuis
1248 1742 1399 1795 nullis
1438 1741 1911 1795 conflictationibus
1949 1742 2165 1811 agitata,

216 1824 437 1876 incolens
484 1832 661 1876 tamen
707 1825 866 1877 etiam
914 1832 1146 1877 ueterum
1193 1824 1617 1876 Academicorum
1664 1830 1862 1875 mentes
1909 1823 2165 1875 sententia

216 1922 317 1956 non
343 1905 649 1973 inpudenter
674 1905 973 1957 existimata
1001 1912 1096 1957 est.
1127 1906 1260 1972 quod
1289 1905 1448 1957 etiam
1474 1905 1632 1972 ipsius
1664 1903 1887 1957 Socratis
1914 1904 2168 1957 Platonis-

218 2003 312 2054 que
350 2002 409 2038 ac
445 1986 754 2054 reliquorum
793 1993 1024 2039 ueterum
1060 1986 1374 2038 auctoritate
1411 1985 1635 2054 probatu
1672 1985 1818 2037 facile
1855 1991 1950 2047 est,
1992 1986 2077 2054 qui
2114 2002 2165 2038 se

218 2067 463 2120 hactenus
499 2068 822 2121 crediderunt
856 2085 1002 2136 posse
1037 2068 1102 2120 ab
1136 2083 1298 2120 errore
1331 2067 1551 2128 defendi,
1587 2067 1629 2119 si
1662 2084 1712 2119 se
1746 2067 2031 2119 assensioni
2064 2083 2167 2119 non

217 2155 403 2200 temere
432 2149 825 2211 commisissent,
855 2149 1090 2218 quamuis
1115 2149 1375 2218 propriam
1399 2150 1461 2201 de
1487 2149 1584 2201 hac
1608 2165 1658 2201 re
1682 2148 2091 2216 disputationem
2116 2148 2166 2199 in

216 2228 415 2280 scholas
438 2247 556 2281 suas
579 2246 681 2281 non
703 2230 1082 2282 introduxerint
1106 2247 1197 2282 nec
1219 2230 1284 2282 ab
1306 2230 1402 2282 illis
1426 2230 1689 2282 enucleate
1712 2229 1988 2298 aliquando
2015 2246 2166 2297 quae—

217 2309 373 2361 situm
415 2310 498 2370 sit,
541 2310 731 2378 percipi
772 2327 928 2363 necne
972 2311 1164 2363 ueritas
1206 2312 1385 2379 possit.
1432 2312 1566 2379 quod
1610 2328 1725 2363 cum
1767 2311 1900 2363 Zeno
1944 2312 2066 2363 rude
2108 2327 2167 2362 ac

216 2407 408 2442 nouum
457 2391 717 2444 intulisset
768 2393 1200 2460 contenderetque
1250 2392 1377 2444 nihil
1425 2392 1614 2460 percipi
1664 2409 1828 2460 posse,
1880 2392 1979 2444 nisi
2030 2392 2164 2460 quod

218 2488 393 2524 uerum
426 2472 502 2525 ita
535 2470 686 2534 esset,
724 2480 781 2525 ut
814 2473 1147 2526 dissimilibus
1182 2473 1319 2526 notis
1354 2491 1382 2525 a
1418 2473 1546 2525 falso
1581 2473 1965 2536 discerneretur,
2003 2490 2165 2541 neque

216 2554 567 2621 opinationem
601 2554 921 2607 subeundam
955 2573 1064 2607 csse
1108 2555 1330 2623 sapienti
1374 2562 1530 2623 atque
1576 2555 1626 2607 id
1663 2554 1914 2607 Arcesilas
1948 2555 2163 2614 audiret,

216 2635 426 2703 negauit
460 2636 608 2687 huius
643 2637 781 2688 modi
818 2637 1100 2704 quidquam
1135 2653 1282 2705 posse
1316 2636 1382 2689 ab
1416 2636 1619 2689 homine
1655 2636 1861 2704 reperiri
1896 2653 2058 2703 neque
2094 2635 2161 2686 illi

343 2839 366 2879 4
389 2837 432 2878 ui
455 2837 618 2880 omdla
730 2837 863 2892 magis
888 2844 929 2880 tc
952 2839 1045 2891 (om.
1071 2840 1136 2891 et)
1156 2836 1263 2880 Tm?
1384 2839 1408 2878 5
1430 2836 1779 2893 praescribsisset
1804 2836 1839 2877 P
1951 2838 1975 2880 6
1997 2836 2163 2879 inuolu-

218 2908 399 2953 tationis
420 2909 473 2950 M
686 2913 708 2953 7
732 2923 808 2953 nos
830 2908 1020 2964 trudere]
1043 2911 1345 2953 nostrumdere
1362 2909 1399 2951 P
1421 2913 1575 2952 nostrsi
1594 2908 1741 2952 indere
1763 2909 1876 2953 Hm]
1898 2909 2162 2953 nostundere

215 2980 342 3033 Hmiz,
378 2982 514 3026 conj]
546 2982 697 3026 lacuna
731 2995 867 3026 uacua
903 2982 1042 3026 relicta
1188 2984 1214 3027 9
1246 2984 1539 3041 accepisemus
1563 2984 1670 3028 ΡΜ]
1821 2986 1868 3027 11
1904 2987 2006 3028 tuae
2027 2984 2160 3029 omn]

218 3053 326 3097 asim
343 3055 449 3097 ΡΜ]
473 3068 603 3098 ausus
624 3069 719 3099 sum
739 3071 763 3100 α
856 3059 908 3101 12
925 3056 1181 3112 gratulabor
1192 3056 1388 3101 MPm2a
1478 3056 1598 3114 cum]
1614 3062 1709 3102 tum
1722 3058 1778 3101 M
1871 3061 1921 3102 13
1943 3056 2007 3113 at]
2026 3062 2107 3102 aut
2125 3058 2165 3101 T

217 3127 529 3172 oberraueroT
617 3130 788 3173 curabis
802 3130 908 3172 Tm?
926 3132 969 3173 in
984 3145 1061 3186 ηις.
1156 3131 1208 3173 16
1228 3136 1295 3175 est
1315 3133 1565 3190 putandum
1586 3132 1672 3175 edd.
1769 3132 1820 3175 18
1841 3131 2115 3188 percipienda
2137 3144 2161 3172 α

221 3203 268 3245 21
288 3205 521 3260 probatum
536 3204 578 3246 H
656 3204 708 3246 22
730 3210 908 3247 actenus·
930 3206 1087 3249 HPml
1178 3206 1234 3249 ab
1257 3219 1397 3249 errore
1418 3220 1542 3264 posse
1563 3221 1604 3249 m
1696 3220 1740 3249 se
1761 3220 1824 3250 om
1844 3205 1883 3247 T
1972 3207 2024 3249 23
2045 3218 2160 3248 com-

220 3276 459 3320 mississent
486 3278 520 3320 P
666 3279 838 3336 proprie
860 3277 900 3320 T
1063 3293 1112 3322 ac
1139 3280 1245 3324 sz
1394 3279 1444 3323 24
1467 3280 1601 3323 scolas
1625 3279 1735 3323 codd.
1878 3291 1963 3321 non
1984 3278 2162 3322 omMT

221 3348 271 3389 2ss
290 3352 690 3407 contenderetquae
716 3353 753 3394 P
881 3355 1026 3408 posset
1048 3353 1086 3395 P
1234 3353 1288 3396 28
1310 3354 1559 3397 obeundam
1582 3353 1634 3395 M
1742 3350 2165 3408 sapienti—audiret

217 3423 410 3465 0⁷›z.Pm1
506 3425 737 3469 archesilas
758 3426 868 3468 codd.
965 3426 1017 3469 29
1037 3427 1281 3483 quidquam
1303 3427 1440 3470 omM
1527 3426 1669 3468 omine
1693 3426 1729 3468 P
1824 3425 2030 3482 repperiri
2054 3426 2160 3468 Pml

309 3509 448 3545 LXIII.
476 3511 630 3552 August.
660 3512 675 3544 Ι
705 3521 786 3554 pars
817 3511 886 3547 111.
917 3513 974 3547 ed.
1004 3513 1037 3546 K
1055 3523 1114 3548 no
1134 3514 1219 3548 ell.
2045 3514 2069 3555 3
