2398 3724
262 125 294 176 8
1072 138 1371 179 Praefatio.

263 288 460 347 temere,
510 285 769 350 epicrirus,
813 283 1063 345 conditus5
1106 282 1362 344 herculea,
1408 283 1603 336 citomos
1643 283 1728 349 al.,
1777 299 2180 350 nonnumquam
2220 348 2222 350 η

263 390 390 427 uero
431 388 729 441 perperam,
772 370 941 423 uelut:
985 370 1281 438 trayoede'z's,
1320 370 1474 432 αἰῶ-ε,
1509 372 1653 436 istrie,
1683 372 1969 437 epicrireuS,
1998 371 2179 423 metro'-

262 462 435 525 dorus,
477 459 700 512 centron.
742 457 796 509 in
837 458 1172 525 marginibus
1213 457 1442 510 subinde
1483 457 1746 524 imagines
1781 464 1864 511 sat
1891 457 2180 511 artificiose

261 565 323 603 ac
371 547 614 606 sollerter
665 545 967 599 delineatae
1021 545 1443 615 conspiciuntur,
1503 546 1652 598 uelut
1705 545 1738 598 f.
1779 546 1912 612 28⁰³,
1971 545 2060 598 ubi
2107 527 2180 598 ¹ad

264 636 488 688 uerbum
525 635 807 702 yrecarrica
848 632 1021 704 homO,
1071 633 1107 686 f.
1137 632 1248 699 50¹,
1291 633 1380 685 ubi
1423 649 1578 685 ursus
1617 632 1804 685 addita
1845 650 1977 686 uoce
2019 633 2182 686 bestia

263 722 477 792 depicta
502 726 600 788 est,
622 721 743 774 alia.
773 720 982 773 litterae
1004 720 1239 773 initiales
1261 720 1593 788 singulorum
1613 719 1867 773 librorum
1890 720 2182 789 posteriore

263 816 500 879 tempore
539 809 608 862 ab
646 801 883 861 amatore
922 808 1101 875 aliquo
1144 813 1394 862 exsectae
1435 813 1580 874 sunt;
1625 824 1729 875 quo
1758 807 1956 860 factum
1986 814 2084 874 est,
2126 814 2183 860 ut

265 903 317 951 et
354 897 509 949 initia
547 896 803 949 librorum
843 912 1032 949 manca
1072 895 1269 949 tradita
1311 896 1418 949 sint
1459 902 1510 948 et
1550 895 1603 947 in
1646 912 1802 949 uersa
1841 894 1957 948 folii
1986 895 2183 964 pagina
2231 924 2234 927 ·

264 984 521 1038 nonnulla
562 984 727 1037 uerba
767 982 959 1036 desint.
1014 983 1068 1035 in
1110 983 1255 1036 calce
1295 982 1331 1036 f.
1362 983 1490 1034 227⁰
1531 999 1737 1036 summa
1789 983 2182 1051 opusculorum,

265 1090 402 1140 quae
442 1071 625 1125 codice
665 1070 1021 1137 eontinentur,
1068 1088 1099 1122 a
1138 1070 1434 1124 recentiore
1474 1087 1635 1122 manu
1674 1069 1930 1123 adiuncta
1970 1070 2180 1138 legitur.

336 1159 519 1213 Codex
559 1175 626 1213 ex
667 1157 961 1227 exemplari
1001 1157 1305 1227 descriptus
1333 1161 1431 1225 est,
1474 1156 1617 1224 quod
1642 1175 2041 1225 nonnumquam
2076 1158 2182 1225 qui-
2214 1187 2216 1189 ·

265 1247 402 1314 dem,
462 1247 600 1300 sicut
638 1244 779 1298 infra
819 1244 1217 1312 demonstrabO,
1270 1245 1450 1298 uerius
1504 1262 1660 1312 quam
1713 1244 1925 1298 codices
1964 1245 2183 1298 alterius

267 1335 502 1388 familiae
542 1336 709 1387 uerba
749 1333 1025 1402 scriptoris
1065 1333 1318 1399 seruauit,
1361 1332 1454 1387 sed
1496 1338 1674 1386 tamen
1703 1332 1807 1385 iam
1836 1333 2180 1386 multifariam

266 1421 769 1492 interpolationibus
810 1421 1164 1475 deformatum
1204 1427 1330 1475 erat.
1374 1421 1525 1474 euius
1564 1420 1991 1489 interpolationis
2019 1421 2185 1490 speci-

266 1511 409 1564 mina
447 1509 591 1577 haud
631 1527 804 1579 pauca
843 1510 896 1562 in
936 1510 1086 1563 libris
1120 1509 1174 1563 C.
1206 1510 1395 1574 Λατώ,
1437 1509 1590 1578 plura
1630 1526 1755 1562 uero
1797 1515 1850 1562 et
1888 1509 2091 1561 maiora
2130 1509 2184 1560 in

266 1599 414 1652 libris
442 1598 525 1651 De
551 1598 734 1650 ordine
773 1604 974 1651 extant.
1017 1598 1084 1651 de
1110 1596 1614 1666 interpolationibus
1655 1597 1708 1649 in
1737 1597 1885 1649 libris
1918 1597 1971 1650 C.
1996 1598 2184 1663 Acczd„

269 1703 406 1754 quae
443 1702 550 1738 non
591 1691 698 1738 tam
739 1702 970 1752 magnae
1010 1693 1136 1739 sunt
1183 1702 1342 1752 quam
1389 1685 1443 1737 in
1483 1684 1634 1738 libris
1674 1685 1757 1736 De
1796 1684 1991 1746 ordine,
2049 1683 2186 1736 infra

268 1772 510 1843 pluribus
550 1790 724 1840 agam.
779 1772 866 1826 hic
918 1778 1123 1826 tantum
1170 1772 1448 1826 addidisse
1501 1770 1736 1826 sufficiat
1786 1788 2186 1839 nonnumquam

267 1879 299 1913 a
339 1860 550 1913 librario
602 1858 763 1913 huius
814 1860 936 1917 libri
991 1861 1077 1914 uel
1130 1860 1331 1914 codicis
1383 1860 1620 1929 parentis
1674 1862 1833 1913 etiam
1873 1859 2185 1932 interpreta-

269 1954 463 2015 menta,
506 1965 643 2015 quae
684 1949 990 2018 explicandi
1030 1966 1193 2003 causa
1233 1949 1510 2002 uocabulis
1551 1949 1778 2016 singulis
1824 1948 2187 2016 superscripta

269 2044 434 2102 erant,
489 2036 542 2088 in
596 2042 803 2090 textum
853 2044 1072 2106 recepta
1124 2054 1261 2102 esse,
1322 2037 1469 2089 uelut
1522 2054 1569 2104 p.
1601 2036 1695 2102 18,
1733 2036 1764 2086 6
1813 2036 2186 2087 coniectoribus

269 2124 603 2187 somniorum,
646 2124 737 2177 ubi
777 2126 1098 2177 somniorum
1137 2122 1400 2192 abundat,
1444 2141 1492 2192 p.
1523 2122 1609 2189 42,
1651 2122 1715 2173 31
1758 2123 2012 2175 uictoriae
2052 2127 2187 2188 teme,

270 2210 361 2263 ubi
404 2215 521 2264 tuae
562 2211 864 2265 sententiae
910 2218 1205 2280 repugnat,
1255 2229 1304 2280 p.
1344 2211 1428 2278 72,
1457 2210 1526 2262 30
1565 2211 1800 2264 seductor
1836 2209 2056 2276 planus,
2097 2209 2187 2262 ubi

270 2299 504 2351 seductor
542 2298 853 2368 explicandi
894 2315 1059 2352 causa
1098 2299 1516 2368 suprascriptum
1554 2305 1690 2367 erat3
1733 2316 1783 2367 p.
1818 2297 1905 2365 80,
1934 2297 1965 2348 9
1993 2302 2051 2350 ut
2075 2299 2186 2363 opi-

271 2404 366 2439 nor
407 2386 646 2440 arbitror.
708 2385 1150 2440 manifestissima
1199 2392 1378 2441 autem
1416 2373 1857 2455 ¹interpolationis
1897 2384 2189 2453 specimina

280 2479 406 2527 sunt
432 2473 486 2524 in
514 2473 647 2527 libro
676 2474 744 2526 I·I.
775 2474 858 2526 De
884 2475 1079 2538 ordine,
1111 2493 1159 2544 p.
1195 2475 1311 2542 162,
1342 2474 1588 2540 21-26,
1630 2474 1720 2526 ubi
1762 2474 1949 2526 uerba:
1989 2491 2189 2539 semper

272 2565 387 2613 erat
424 2591 493 2597 —-
533 2562 712 2614 ordine
752 2563 911 2628 uitae,
955 2563 1153 2632 quippe
1195 2579 1331 2630 quae
1372 2579 1546 2629 neque
1586 2579 1705 2614 cum
1744 2560 2188 2613 antecedentibus

275 2664 449 2715 neque
503 2665 620 2700 cum
661 2651 1010 2716 sequentibus
1051 2650 1256 2703 conecti
1300 2650 1521 2719 possint,
1574 2667 1643 2702 ex
1695 2649 1874 2702 nescio
1929 2665 2033 2716 quo
2083 2648 2188 2701 alio

272 2736 406 2788 libro
447 2734 658 2789 adiecta
698 2753 815 2790 esse
856 2742 1032 2806 patet3
1073 2756 1124 2806 p.
1159 2736 1277 2804 128,
1313 2738 1345 2789 9
1386 2739 1552 2791 uerba
1602 2739 1676 2790 sic
1719 2736 1855 2789 altus
1898 2735 2067 2803 apollo
2108 2737 2188 2788 sm-

274 2824 444 2890 cesspias
485 2821 575 2891 (cf.
600 2822 758 2890 Verg.
790 2824 922 2879 Aen.
952 2825 1004 2877 X
1046 2824 1152 2877 875
1175 2826 1277 2895 sq.)
1317 2827 1385 2879 ab
1424 2826 1802 2894 interpolatore
1836 2824 2021 2877 addita
2049 2831 2186 2877 sunt.

274 2910 461 2963 eodem
502 2909 658 2962 modo
700 2910 1108 2981 interpolatione
1150 2929 1311 2966 sensu
1351 2920 1566 2966 carente
1604 2919 1893 2982 temptatus
1934 2918 2015 2965 est
2041 2912 2188 2965 locus

274 3015 323 3067 p.
363 2997 476 3063 176,
510 2998 556 3063 7,
599 2998 689 3051 ubi
728 2998 1258 3067 interpretamentum
1301 3000 1554 3054 mendose
1594 3000 1847 3069 scriptum
1891 3001 1942 3051 in
1984 3006 2187 3052 textum

274 3092 547 3154 receptum
600 3091 694 3138 est.
749 3086 981 3140 editores
1033 3088 1236 3157 priores
1288 3088 1418 3141 locis
1471 3088 1669 3141 mederi
1712 3088 2017 3154 studebant,
2070 3104 2187 3139 cum

275 3190 323 3241 p.
374 3172 488 3238 162,
531 3172 595 3222 21
637 3173 729 3226 sed
764 3173 1036 3227 addebant
1076 3182 1127 3228 et
1167 3193 1215 3244 p.
1254 3175 1369 3242 176,
1400 3176 1427 3226 7
1472 3175 1920 3228 nonnullauerba
1947 3174 2188 3253 codicum

276 3259 610 3312 omittebant.
1708 3306 1715 3316 ,

346 3345 615 3412 Codicem,
657 3346 721 3400 de
764 3364 866 3414 quo
907 3347 1066 3400 etiam
1106 3350 1153 3403 J.
1184 3349 1367 3418 Zycha
1407 3351 1459 3401 in
1489 3349 1662 3403 CSEL
1701 3354 1735 3401 t.
1769 3349 1863 3401 LX
1905 3349 2033 3416 agit,
2076 3349 2188 3417 ipse

277 3433 492 3486 contuli.
