2398 3724
238 243 300 296 70
864 257 895 300 I.
939 257 1155 302 Contra
1193 259 1578 303 Academicos

239 408 367 460 nihil
397 408 536 460 aliud
570 408 882 468 inueniatur,
921 411 1056 479 quod
1090 411 1367 481 aduersum
1399 411 1503 464 ista
1535 411 1636 463 dici
1657 412 1839 480 possit,
1874 419 1926 465 et
1957 412 2089 468 ultro
2117 430 2201 485 me

239 490 437 542 uictum
462 507 573 543 esse
597 491 860 560 profiteor.
906 509 1009 544 non
1034 492 1169 544 enirn
1194 493 1257 545 de
1281 493 1443 562 gloria
1468 494 1834 562 comparanda,
1861 495 1947 546 sed
1973 495 2036 547 de
2061 495 2202 548 inue-

237 572 426 624 nienda
470 572 691 625 ueritate
734 580 1040 626 tractamus,
1104 574 1229 626 mihi
1272 575 1400 627 satis
1443 582 1523 628 est
1567 592 1772 644 quoquo
1816 576 1969 628 modo
2013 576 2200 630 molem

235 654 394 707 istam
431 655 810 718 transcendere,
857 673 986 724 quae
1019 656 1338 709 intrantibus
1376 657 1441 709 ad
1476 657 1855 726 philosophiam
1891 675 1998 710 sese
2042 675 2201 727 oppo-

236 736 314 789 nit
340 742 391 789 et
417 736 588 789 nescio
618 737 803 806 quibus
828 738 1167 807 receptaculis
1192 738 1433 791 tenebras
1459 746 1636 808 tegens
1662 738 1822 791 talem
1848 757 1958 791 esse
1984 739 2206 808 philoso-
2239 758 2261 794 5

235 818 414 887 phiam
441 825 611 871 totam
638 819 870 872 minatur
895 819 1124 889 nihilque
1151 820 1203 872 in
1230 838 1290 873 ea
1317 820 1445 873 lucis
1472 820 1746 873 inuentum
1771 820 1831 871 iri
1858 837 2061 889 sperare
2088 838 2200 890 per-

234 900 418 953 mittit.
465 900 586 969 quid
611 908 787 954 autem
811 902 1033 970 amplius
1056 902 1359 964 desiderem,
1384 902 1512 954 nihil
1533 903 1715 965 habeO,
1741 902 1782 955 si
1804 902 1909 955 iam
1932 903 2197 971 probabile

233 989 313 1035 est
342 983 577 1035 nonnihil
605 983 729 1035 scire
759 984 1063 1052 sapientem.
1114 1001 1217 1036 non
1247 984 1382 1037 enim
1412 984 1513 1037 alia
1543 1001 1701 1037 causa
1730 984 1836 1037 ueri
1866 984 2028 1056 simile
2059 985 2199 1038 uide-

234 1063 391 1116 batur
421 1082 538 1116 eum
569 1066 921 1128 assensionem
954 1065 1205 1118 sustinere
1236 1066 1436 1128 debere,
1471 1066 1569 1117 nisi
1603 1067 1721 1135 quia
1754 1073 1864 1119 erat
1897 1056 2007 1119 ueri
2034 1067 2196 1119 simile

233 1146 360 1198 nihil
392 1163 542 1214 posse
577 1147 939 1216 conprehendi.
979 1165 1077 1216 quo
1114 1148 1319 1201 sublato
1354 1180 1420 1184 —
1453 1148 1671 1217 percipit
1705 1148 1841 1201 enim
1875 1148 2080 1217 sapiens
2117 1149 2198 1201 uel
2235 1167 2285 1203 10

231 1228 416 1296 ipsam,
449 1235 507 1281 ut
534 1229 639 1282 iam
669 1229 984 1291 conceditur,
1037 1230 1350 1298 sapientiam
1379 1262 1444 1266 ——
1478 1230 1617 1282 nulla
1646 1231 1751 1282 iam
1781 1247 1937 1282 causa
1967 1247 2196 1282 remane--

233 1309 325 1373 bit,
351 1326 440 1362 cur
460 1328 563 1363 non
584 1312 903 1364 assentiatur
922 1312 1127 1380 sapiens
1150 1312 1231 1364 uel
1251 1312 1348 1381 ipsi
1370 1312 1672 1381 sapientiae.
1715 1319 1795 1364 est
1817 1311 1952 1365 enim
1975 1312 2081 1364 sine
2103 1313 2196 1364 du-

232 1391 486 1445 bitatione
522 1394 864 1446 monstrosius
900 1394 1189 1462 sapientem
1224 1411 1329 1446 non
1364 1394 1651 1463 approbare
1688 1393 2001 1463 sapientiam
2039 1411 2194 1462 quam

230 1475 519 1543 sapientem
556 1475 749 1528 nescire
787 1476 1116 1545 sapientiam.

361 1581 440 1632 31.
486 1579 622 1632 Nam
663 1597 852 1648 quaeso
893 1580 1162 1648 paululum
1216 1580 1362 1648 quasi
1413 1588 1534 1632 ante
1575 1580 1747 1632 oculos
1786 1580 1890 1632 tale
1931 1589 2198 1648 spectacu-
2236 1598 2282 1634 15

229 1661 335 1714 lum
361 1662 760 1724 constituamus,
785 1662 826 1714 si
854 1680 1144 1731 possumus,
1174 1663 1341 1714 rixam
1367 1664 1628 1730 quandam
1652 1662 1900 1730 sapientis
1921 1670 1972 1714 et
1994 1662 2194 1730 sapien-

227 1744 346 1797 tiae.
381 1744 502 1812 quid
533 1743 672 1796 aliud
701 1744 828 1796 dicit
857 1744 1113 1812 sapientia
1144 1761 1299 1812 quam
1330 1762 1379 1796 se
1409 1762 1518 1796 esse
1548 1743 1897 1813 sapientiam?
1928 1750 1983 1796 at
2013 1750 2191 1796 contra

225 1826 347 1879 iste:
381 1843 486 1878 non
518 1828 684 1888 crede,
719 1826 903 1894 inquit.
941 1826 1054 1895 quis
1086 1827 1160 1878 ait
1191 1826 1500 1895 sapientiae:
1535 1843 1638 1878 non
1670 1827 1819 1878 credo
1852 1843 1961 1878 esse
1993 1825 2193 1893 sapien-

225 1908 393 1961 tiam?
428 1908 556 1976 quis,
586 1908 684 1960 nisi
712 1908 769 1970 is,
802 1925 918 1960 cum
950 1925 1048 1976 quo
1078 1908 1164 1960 illa
1193 1908 1333 1976 loqui
1362 1907 1535 1976 potuit
1564 1915 1614 1960 et
1643 1908 1695 1959 in
1726 1925 1824 1976 quo
1854 1907 2089 1959 habitare
2117 1907 2192 1959 di-

225 1998 386 2060 gnata
412 1998 507 2052 est,
535 1990 727 2043 scilicet
753 1990 996 2059 sapiens?
1027 1990 1096 2043 ite
1122 2007 1260 2042 nunc
1284 1997 1335 2043 et
1360 2008 1440 2042 me
1469 1990 1715 2058 quaerite.
1745 1989 1830 2057 qui
1856 2006 1972 2041 cum
1999 1989 2195 2041 Acade·
2230 2007 2280 2042 20

225 2072 371 2124 micis
404 2089 654 2141 pugnem3
688 2072 893 2125 habetis
926 2072 1030 2125 iam
1062 2089 1259 2124 nouum
1292 2079 1576 2124 certamen:
1612 2071 1816 2140 sapiens
1850 2078 1901 2123 et
1934 2070 2188 2139 sapientia

225 2171 397 2206 secum
437 2161 689 2223 pugnant.
748 2154 952 2223 sapiens
991 2171 1095 2206 non
1133 2153 1247 2206 uult
1285 2154 1574 2206 consentire
1612 2153 1913 2222 sapientiae.
1972 2170 2062 2221 ego
2103 2170 2191 2205 uo-

226 2236 424 2288 biscum
447 2252 653 2288 securus
677 2244 937 2305 exspecto,
965 2236 1078 2304 quis
1101 2236 1237 2287 enim
1259 2253 1363 2288 non
1386 2237 1562 2288 credat
1584 2236 1836 2287 inuictam
1858 2252 1967 2287 esse
1990 2234 2190 2303 sapien-

224 2317 393 2370 tiam?
427 2324 606 2370 tamen
636 2335 728 2370 nos
761 2318 935 2387 aliqua
967 2318 1321 2386 complexione
1353 2318 1665 2370 muniamus.
1718 2323 1809 2370 aut
1841 2316 1978 2369 enim
2009 2316 2061 2367 in
2093 2316 2189 2367 hoc

225 2400 505 2452 certamine
531 2400 871 2452 Academicus
897 2400 1069 2452 uincet
1093 2400 1406 2468 sapientiam
1430 2407 1482 2452 et
1505 2418 1532 2451 a
1558 2417 1638 2451 me
1664 2399 1914 2457 uincetur.
1943 2398 2064 2466 quia·
2088 2414 2190 2449 non
2226 2415 2275 2451 25

224 2482 319 2534 erit
348 2482 570 2551 sapienS,
600 2489 692 2534 aut
722 2482 788 2534 ab
817 2500 877 2534 ea
905 2482 1236 2550 superabitur
1264 2488 1315 2533 et
1343 2481 1632 2550 sapientem
1661 2480 1946 2548 sapientiae
1976 2496 2187 2531 consen-

222 2563 318 2616 tire
343 2563 659 2616 docebimus,
706 2571 798 2616 aut
823 2564 982 2631 igitur
1005 2563 1210 2632 sapiens
1237 2563 1577 2615 Academicus
1604 2579 1706 2614 non
1732 2569 1811 2614 est
1836 2568 1928 2614 aut
1954 2561 2183 2613 nonnulli

222 2645 290 2698 rei
316 2645 521 2713 sapiens
544 2646 873 2706 assentietur,
903 2645 1001 2697 nisi
1026 2645 1173 2707 forte,
1204 2662 1354 2713 quem
1379 2645 1545 2697 dicere
1571 2644 1758 2713 puduit
1788 2643 2076 2711 sapientem
2101 2660 2185 2694 ne-

221 2727 346 2779 scire
377 2727 705 2795 sapientiam.
750 2727 1038 2795 sapientem
1081 2744 1184 2778 non
1213 2727 1501 2779 consentire
1544 2725 1830 2794 sapientiae
1872 2725 2038 2777 dicere
2082 2741 2181 2775 non

221 2809 454 2877 pudebit.
496 2815 551 2861 at
589 2809 630 2860 si
666 2809 770 2860 iam
809 2809 914 2860 ueri
952 2809 1115 2860 simile
1154 2815 1233 2861 est
1271 2810 1452 2861 cadere
1490 2808 1542 2861 in
1586 2807 1874 2875 sapientem
1909 2806 1990 2858 uel
2026 2806 2186 2873 ipsius
2222 2823 2272 2859 30

220 2891 504 2959 sapientiae
534 2890 915 2959 perceptionem
945 2897 995 2942 et
1023 2890 1163 2942 nulla
1191 2906 1346 2942 causa
1376 2898 1470 2951 est,
1500 2905 1589 2941 cur
1620 2905 1723 2940 non
1756 2889 1799 2941 ei
1840 2889 1972 2956 quod
2010 2894 2183 2955 potest

340 3096 367 3139 3
388 3095 441 3139 cf.
463 3095 573 3150 Aug.
598 3095 651 3137 de
673 3094 787 3139 beat.
814 3093 891 3138 uit.
913 3094 939 3136 3

344 3221 363 3261 1
400 3233 468 3263 1119
500 3219 668 3264 uictum
703 3221 910 3264 om.MmI
1039 3222 1062 3263 4
1099 3233 1140 3262 39
1172 3221 1227 3263 Μ
1342 3219 1366 3260 5
1400 3219 1605 3262 tenebras
1636 3222 1786 3274 tegens
1818 3220 1871 3262 M
1879 3219 1917 3261 P
1947 3215 2181 3260 tenebraris

214 3299 370 3351 tegens
403 3296 445 3337 H
481 3293 787 3339 tenebrascens
808 3294 889 3339 Tm
1030 3294 1056 3337 8
1087 3285 1241 3336 finihil
1274 3285 1322 3348 (ἶι
1353 3293 1448 3336 add.
1476 3292 1566 3349 m2)
1593 3291 1626 3333 T
1767 3292 1816 3335 15
1850 3305 2013 3348 quaeso
2046 3292 2183 3333 emnil

215 3369 267 3413 19
287 3368 386 3426 quis
411 3370 617 3414 evamI
709 3370 759 3413 20
779 3366 860 3424 ite]
881 3368 964 3412 iste
985 3368 1130 3412 HMP
1225 3381 1294 3410 me
1315 3369 1471 3426 omM·
1548 3369 1595 3411 21
1622 3379 1764 3424 pugne
1787 3378 1838 3407 ex
1859 3377 2047 3423 pugnem
2074 3363 2181 3409 Pma

213 3444 268 3487 22
285 3457 430 3487 39911111
452 3444 588 3487 om.M
654 3448 821 3499 pugnat
843 3444 895 3486 M
960 3443 1011 3486 25
1033 3459 1098 3499 pr.
1113 3441 1268 3504 uineat
1287 3441 1396 3485 Tm]
1462 3441 1514 3486 27
1537 3455 1624 3484 11011
1643 3443 1710 3484 est
1728 3442 1864 3485 om.M
1929 3438 2034 3483 nulli
2056 3441 2107 3483 M
2113 3440 2179 3481 ml

216 3518 265 3560 28
288 3517 779 3575 sapientem—pudebit
797 3516 934 3562 omli!
1032 3516 1296 3574 sapientem]
1317 3516 1492 3573 sapiens
1513 3517 1554 3558 H
