2398 3724
215 181 311 235 178
1009 193 1219 239 inne
1274 196 1519 239 ordine

215 356 390 401 autem
437 347 535 400 ista
582 354 872 408 cognoscet.
922 348 1007 416 qui
1053 365 1294 401 numeros
1337 349 1596 417 simplices
1639 357 1799 419 atque
1841 351 2203 422 intellegibilcs

217 430 675 499 conprehenderit3
706 447 858 499 porro
894 431 1017 482 istos
1053 431 1457 499 comprehendet,
1495 432 1581 500 qui
1616 441 1667 484 et
1700 433 1906 502 ingenio
1939 436 2116 487 ualens
2150 444 2204 489 et

216 513 487 582 priuilegio
503 512 692 565 aetatis
709 521 800 565 aut
818 513 1092 565 cuiuslibet
1111 513 1378 566 felicitatis
1397 513 1593 566 otiosus
1608 522 1659 567 et
1678 516 1853 568 studio
1868 517 2205 571 uehementer

216 595 454 647 incensus
500 604 846 647 memoratum
894 595 1288 663 disciplinarum
1336 596 1585 659 ordinem,
1633 606 1889 665 quantum
1934 600 2060 652 satis
2105 608 2201 660 est,

218 678 372 730 fuerit
412 686 730 746 persecutus.
770 695 885 728 cum
924 678 1059 729 enim
1098 686 1234 730 artes
1272 678 1387 731 illae
1425 696 1601 731 omnes
1636 679 1871 732 liberales
1907 682 2100 749 partim
2136 684 2202 736 ad
2237 700 2262 737 5

217 777 367 812 usum
421 761 561 811 uitae
613 760 804 828 partim
858 761 924 812 ad
977 760 1327 828 cognitionem
1378 777 1548 813 rerum
1600 762 2203 832 contemplationemque

216 843 505 903 discantur,
533 859 680 894 usum
731 859 907 894 earum
955 843 1160 911 assequi
1206 843 1578 896 difficillimum
1626 851 1704 896 est
1749 844 1845 896 nisi
1893 845 1955 905 ei,
2004 847 2090 914 qui
2137 847 2203 900 ab

218 925 327 993 ipsa
373 924 595 993 pueritia
649 925 1092 993 ingeniosissimus
1143 925 1523 978 instantissime
1573 927 1732 994 atque
1783 928 2203 982 constantissime

220 1024 428 1075 operam
467 1007 687 1060 dederit.

355 1090 528 1141 xvii.
560 1090 639 1141 45.
681 1089 829 1150 Quod
861 1106 982 1141 uero
1012 1107 1077 1141 ex
1104 1089 1202 1140 illis
1232 1091 1297 1142 ad
1327 1089 1396 1151 id,
1430 1091 1567 1158 quod
1600 1090 1915 1158 quaerimus,
1948 1108 2074 1161 opus
2105 1100 2200 1155 est,
2239 1110 2292 1148 10

219 1188 279 1222 ne
326 1183 377 1224 te
427 1189 635 1240 quaeso,
669 1181 853 1225 mater.
902 1172 1029 1223 haec
1076 1172 1219 1224 uelut
1266 1188 1435 1224 rerum
1483 1172 1714 1224 inmensa
1767 1175 2023 1240 quaedam
2071 1175 2199 1227 silua

217 1255 495 1306 deterreat.
519 1254 712 1307 etenim
735 1255 992 1322 quaedam
1014 1257 1075 1308 de
1098 1254 1338 1307 omnibus
1360 1254 1615 1324 eligentur
1634 1272 1848 1307 numero
1869 1256 2201 1324 paucissima,

222 1339 268 1387 ui
296 1336 678 1405 potentissima,
707 1336 1002 1405 cognitione
1028 1345 1204 1389 autem
1233 1336 1411 1389 multis
1440 1337 1647 1406 quidem
1676 1339 1855 1394 ardua,
1885 1338 1978 1390 tibi
2006 1347 2200 1394 tamen,

219 1419 363 1470 cuius
394 1418 658 1481 ingenium
690 1419 878 1472 cotidie
909 1419 1033 1470 inihi
1065 1436 1260 1471 nouum
1291 1427 1367 1471 est
1397 1426 1449 1471 et
1478 1420 1622 1471 cuius
1652 1420 1887 1471 animum
1918 1421 1998 1472 uel
2027 1428 2201 1473 aetate

222 1501 301 1553 uel
347 1501 643 1553 admirabili
691 1501 1041 1570 temperantia
1093 1501 1498 1555 remotissimum
1549 1502 1615 1554 ab
1665 1502 1904 1554 onmibus
1954 1503 2103 1564 nugis
2152 1511 2290 1556 et15

218 1601 408 1649 magna
436 1584 550 1636 labe
580 1584 806 1652 corporis
835 1592 1183 1651 emergentem
1212 1584 1264 1634 in
1290 1602 1342 1634 se
1369 1583 1593 1635 multum
1623 1585 1904 1637 surrexisse
1933 1602 2201 1651 cognosco,

217 1675 328 1718 tam
368 1673 520 1718 erunt
561 1666 732 1718 facilia
774 1684 930 1734 quam
970 1667 1204 1719 difficilia
1249 1666 1558 1718 tardissimis
1598 1666 1986 1735 miserrimeque
2027 1667 2205 1719 uiuen-

218 1748 376 1800 tibus.
410 1748 450 1799 si
482 1748 620 1800 enim
651 1749 823 1801 dicam
855 1756 905 1801 te
939 1749 1088 1801 facile
1120 1751 1185 1802 ad
1217 1765 1333 1801 eum
1367 1765 1657 1800 sermonem
1690 1756 2078 1817 peruenturam,
2114 1750 2200 1819 qui

219 1830 495 1882 locutionis
523 1839 573 1883 et
602 1831 805 1900 linguae
836 1831 963 1883 uitio
990 1842 1183 1894 eareat,
1213 1831 1447 1899 profecto
1474 1830 1713 1883 mentiar.
1742 1849 1822 1883 me
1849 1832 1985 1883 enim
2014 1832 2202 1900 ipsum.

220 1913 300 1965 cui
328 1931 515 1980 magna
546 1914 824 1966 necessitas
853 1913 953 1966 fuit
981 1914 1076 1966 ista
1108 1913 1411 1983 perdiscere,
1441 1913 1613 1966 adhuc
1639 1913 1691 1964 in
1716 1914 1896 1966 multis
1925 1914 2202 1966 uerborum
2239 1931 2291 1968 20

215 1995 353 2047 sonis
382 1995 500 2047 Itali
526 1996 800 2065 exagitant
825 2003 874 2048 et
900 2014 926 2048 a
952 2013 1032 2048 me
1059 1995 1304 2058 uicissim,
1332 1996 1469 2063 quod
1494 1997 1559 2048 ad
1583 1996 1751 2065 ipsum
1778 2012 1962 2047 sonum
1987 1996 2198 2058 attinet,

216 2078 683 2146 reprehenduntur.
732 2078 871 2130 aliud
920 2087 996 2131 est
1043 2079 1181 2131 enim
1229 2095 1336 2130 esse
1382 2084 1509 2140 arte,
1558 2078 1699 2130 aliud
1744 2086 1897 2147 gente
1942 2094 2196 2130 securum.

215 2160 544 2212 soloecismos
577 2169 751 2213 autem
790 2178 916 2229 quos
949 2161 1170 2213 dicimus
1205 2160 1424 2212 fortasse
1459 2160 1676 2229 quisque
1708 2161 1893 2213 doctus
1926 2160 2201 2229 diligenter

216 2245 495 2295 attendens
542 2243 593 2294 in
640 2243 873 2296 oratione
920 2261 1032 2295 mea
1079 2242 1326 2311 reperiet3
1373 2259 1475 2294 non
1522 2243 1659 2294 enim
1705 2242 1890 2304 defuit,
1940 2242 2026 2310 qui
2072 2241 2196 2293 mihi

218 2325 464 2377 nonnulla
516 2325 667 2377 huius
719 2326 857 2378 modi
913 2325 1038 2377 uitia
1090 2325 1261 2394 ipsum
1311 2324 1607 2377 Ciceronem
1660 2324 1838 2376 fecisse
1888 2323 2199 2393 peritissime
2234 2341 2284 2378 25

218 2407 572 2474 persuasisset.
614 2407 1054 2460 barbarismorum
1094 2415 1271 2460 autem
1309 2424 1468 2476 genus
1507 2407 1695 2459 nostris
1734 2406 2057 2475 temporibus
2095 2406 2198 2458 tale

218 2498 523 2558 conpertum
558 2499 652 2546 est,
687 2498 745 2543 ut.
777 2499 824 2542 et
861 2491 967 2558 ipsa
1003 2490 1110 2542 eius
1145 2489 1311 2542 oratio
1344 2489 1566 2541 barbara
1599 2489 1858 2550 uidemur,
1894 2506 1994 2556 qua
2030 2488 2195 2540 Roma

217 2579 424 2623 seruata
453 2579 546 2623 est.
575 2574 658 2624 sed
689 2579 747 2624 tu
775 2572 1055 2624 contemtis
1084 2573 1194 2624 istis
1222 2572 1304 2623 uel
1329 2571 1612 2640 puerilibus
1640 2571 1790 2623 rebus
1818 2570 1901 2622 uel
1925 2571 1989 2622 ad
2015 2577 2067 2622 te
2093 2586 2197 2622 non

219 2653 600 2721 pertinentibus
645 2655 716 2706 ita
766 2654 1142 2718 grammaticae
1194 2671 1355 2722 paene
1404 2653 1637 2705 diuinam
1690 2653 1795 2704 uim
1846 2659 2196 2725 naturamque

217 2752 508 2804 cognosces,
529 2744 584 2788 ut
604 2736 710 2788 cius
727 2737 958 2788 animam
981 2737 1225 2798 tenuisse,
1247 2752 1430 2804 corpus
1447 2735 1653 2787 disertis
1670 2735 1935 2803 reliquisse
1953 2733 2192 2786 uidearis.
2231 2749 2283 2786 30

350 2889 367 2929 1
395 2893 628 2943 cognoscet
651 2888 730 2931 ista
757 2889 845 2930 edd.
990 2890 1014 2929 13
1036 2887 1515 2942 contemplationemq;
1539 2888 1606 2942 (q;
1629 2886 1716 2940 ⁷122)
1744 2888 1779 2929 T
1926 2886 1978 2929 10
1998 2900 2062 2941 pr.
2086 2883 2195 2940 quid

218 2961 388 3005 HmQM
481 2963 537 3005 ad
558 2962 601 3004 id
624 2964 761 3006 ovid!
857 2963 903 3005 11
930 2962 1001 3017 ne]
1024 2975 1100 3004 nec
1123 2976 1149 3004 a
1241 2963 1319 3005 hoc
1343 2975 1393 3003 ea:
1416 2962 1493 3016 hec
1519 2959 1628 3005 Am]
1738 2962 1786 3003 1³3
1810 2958 1872 3015 ui]
1893 2960 2031 3004 om.M
2051 2958 2096 3001 in
2110 2959 2195 3002 ΑΡ

218 3038 259 3079 id
285 3042 351 3080 est
370 3051 396 3079 a
490 3036 795 3094 potentissima
821 3037 959 3081 omns
1055 3038 1104 3079 14
1128 3036 1234 3079 mihi
1257 3034 1459 3092 quotidie
1475 3037 1514 3078 A
1608 3037 1659 3078 16
1680 3049 1703 3076 a
1729 3048 1886 3090 magna
1903 3033 2191 3077 AHMTedez.

219 3114 569 3167 enier**g(=ntem
593 3112 662 3167 (ge
683 3113 786 3166 ras.)
814 3112 851 3154 P
944 3112 992 3154 17
1016 3124 1148 3166 quam
1174 3110 1374 3154 difficilia
1397 3110 1591 3153 0m.TmI
1679 3111 1729 3152 18
1750 3113 2065 3166 peruenturum
2083 3109 2190 3151 Am]

222 3186 272 3229 19
286 3187 389 3229 uiuo
405 3186 536 3238 (uitio
551 3199 584 3227 s.
599 3187 687 3240 2⁷22)
703 3188 742 3229 A
803 3186 847 3229 21
868 3187 1061 3241 attinget
1076 3188 1126 3229 M
1200 3187 1250 3229 22
1268 3184 1643 3242 reprehendentur
1656 3185 1707 3227 M
1770 3185 1820 3227 23
1837 3183 2089 3239 solycismos
2106 3182 2196 3224 ΗΡ

217 3259 419 3317 quisquis
451 3262 490 3303 A
642 3262 693 3302 24
728 3261 946 3316 repperiet
980 3261 1065 3303 ΑΡ
1233 3259 1287 3303 25
1319 3258 1620 3302 huiuscemodi
1649 3259 1701 3302 M
1861 3270 2117 3313 cyceronem
2156 3258 2193 3299 T

217 3336 271 3380 26
294 3334 556 3390 persuaserit
576 3351 618 3378 m
730 3335 781 3377 27
806 3335 917 3377 ratio
940 3335 1111 3378 HMPa
1224 3348 1308 3389 qua
1333 3346 1382 3374 ex
1404 3333 1508 3388 quia
1531 3335 1569 3376 A
1675 3333 1727 3376 28
1748 3331 1817 3388 tu]
1838 3345 1937 3375 cum
1960 3331 2001 3373 A
2092 3342 2192 3372 con-

220 3409 405 3466 temptis
426 3410 615 3453 AHMT
725 3410 776 3452 29
800 3410 890 3451 uim
914 3410 1050 3452 omli]
1154 3409 1208 3452 30
1231 3408 1454 3464 cognoscis
1477 3409 1658 3450 AMTm
1752 3406 1933 3448 desertis
1959 3406 1998 3448 P
2100 3403 2194 3447 reli-

219 3483 364 3540 quisse
387 3483 561 3526 disertis
582 3484 671 3525 edd.
