2398 3724
1032 149 1076 191 ΙΙ
1111 151 1177 197 11,
1217 149 1379 194 32—34
2075 137 2163 187 171

217 302 409 372 liquide
447 309 597 354 sonat
637 308 794 369 atque
835 317 975 369 pure,
1016 299 1324 352 rationabile
1362 298 1486 351 illud
1526 298 1692 351 dicere
1731 298 1969 351 solemus,
2010 306 2173 352 restat

218 400 352 453 ergO,
393 391 451 435 ut
488 382 541 433 in
578 382 796 434 istorum
834 398 1079 434 sensuum
1118 381 1390 449 uoluptate
1427 379 1479 432 id
1518 381 1583 432 ad
1623 379 1878 432 rationem
1917 379 2171 448 pertinere

217 465 492 525 fateamur,
529 463 617 515 ubi
655 463 911 531 quaedam
946 461 1199 514 dimensio
1235 469 1311 514 est
1347 468 1505 529 atque
1541 460 1846 513 modulatio

347 547 426 598 34.
452 545 637 612 Itaque
666 544 718 595 in
740 544 835 596 hoc
862 543 973 612 ipso
1002 543 1241 596 aedificio
1268 542 1469 612 singula,
1499 542 1625 594 bene
1655 542 2038 595 considerantes
2069 558 2170 593 non

158 646 182 680 5
219 643 490 695 possumus
512 642 615 677 non
638 625 848 686 offendi,
873 626 1008 693 quod
1031 641 1191 676 unum
1214 623 1405 676 ostium
1427 623 1660 675 uidemus
1681 623 1733 674 in
1754 623 1929 684 latere,
1951 622 2171 675 alterum

129 1051 179 1087 10

128 1456 178 1492 15

124 1863 178 1898 20

124 2268 176 2303 ‘23

125 2672 178 2709 30

217 724 374 776 prope
413 707 467 758 in
499 706 670 759 medio
715 724 805 759 nec
849 713 1027 759 tamen
1059 706 1111 757 in
1145 705 1315 757 medio
1348 704 1674 757 collocatum.
1712 704 1902 772 quippe
1934 703 1988 754 in
2021 703 2171 755 rebus

215 788 481 842 fabricatis
511 788 650 840 nulla
681 795 894 857 cogente
924 787 1229 839 necessitate
1259 786 1436 854 iniqua
1466 785 1718 838 dimensio
1748 785 1976 853 partium
2007 785 2172 837 facere

215 870 311 939 ipsi
348 869 580 938 aspectui
619 869 759 922 uelut
799 870 1062 937 quandam
1100 868 1308 920 uidetur
1342 867 1601 919 iniuriam.
1643 868 1779 935 quod
1817 872 1995 918 autem
2031 866 2170 918 intus

216 959 319 1005 tres
357 951 627 1011 fenestrae,
667 968 767 1002 una
805 950 858 1001 in
894 950 1081 1011 medic,
1118 951 1251 1002 duae
1288 966 1317 1001 a
1353 947 1601 1001 lateribus
1639 947 1849 1016 paribus
1885 947 2171 999 interuallis

214 1033 341 1085 solio
386 1032 558 1084 lumen
602 1032 904 1093 infundunt,
955 1048 1111 1100 quam
1158 1047 1248 1083 nos
1293 1030 1521 1083 delectat
1565 1029 1863 1098 diligentius
1909 1028 2171 1081 intuentes

217 1130 476 1182 quamque
504 1113 558 1164 in
584 1103 642 1166 se'
667 1113 900 1165 animum
931 1112 1094 1181 rapit!
1134 1111 1412 1164 manifesta
1445 1127 1521 1163 res
1564 1118 1641 1163 est
1673 1127 1765 1163 nec
1794 1109 1971 1162 multis
2002 1109 2171 1162 uerbis

216 1195 362 1246 uobis
389 1194 683 1263 aperienda.
714 1195 848 1246 unde
876 1193 972 1262 ipsi
999 1193 1271 1246 architecti
1296 1193 1401 1245 iam
1427 1209 1520 1244 suo
1549 1192 1706 1245 uerbo
1734 1191 1989 1244 rationem
2016 1190 2171 1243 istam

215 1283 407 1328 uocant
431 1283 482 1328 et
504 1283 677 1344 partes
701 1275 1006 1328 discorditer
1034 1275 1329 1328 conlocatas
1352 1274 1535 1326 dicunt
1558 1290 1661 1326 non
1684 1273 1873 1325 habere
1898 1272 2170 1325 rationem.

217 1359 352 1426 quod
383 1357 487 1409 late
517 1364 663 1425 patet
695 1374 753 1409 ac
785 1374 945 1425 paene
975 1357 1028 1408 in
1059 1373 1232 1408 omnes
1263 1361 1399 1408 artes
1431 1371 1689 1423 operaque
1719 1354 1949 1406 humana
1978 1353 2172 1406 diffun-

213 1439 370 1491 ditur.
401 1438 505 1490 iam
534 1438 586 1490 in
616 1438 949 1499 carminibus,
980 1438 1033 1489 in
1064 1437 1249 1506 quibus
1278 1437 1405 1489 item
1433 1437 1654 1489 dicimus
1685 1453 1792 1488 esse
1821 1435 2077 1487 rationem
2107 1437 2171 1487 ad

216 1520 541 1588 uoluptatem
588 1519 790 1571 aurium
838 1519 1201 1587 pertinentem,
1251 1518 1363 1586 quis
1410 1535 1514 1570 non
1559 1517 1753 1571 sentiat
1797 1515 2171 1569 dimensionem

214 1619 320 1653 esse
356 1600 518 1653 totius
556 1600 706 1653 huius
744 1600 1023 1653 suauitatis
1063 1599 1340 1668 opificem?
1379 1601 1467 1652 sed
1506 1598 1754 1651 histrione
1791 1598 2018 1651 saltante
2057 1614 2171 1650 cum

216 1683 342 1735 bene
388 1682 746 1750 spectantibus
793 1689 966 1751 gestus
1014 1681 1084 1732 illi
1133 1698 1307 1733 omnes
1353 1681 1498 1749 signa
1545 1680 1649 1733 sint
1696 1696 1882 1740 rerum,
1933 1679 2171 1747 quamuis

213 1763 562 1816 membrorum
604 1779 904 1815 numerosus
947 1763 1159 1831 quidam
1200 1769 1372 1815 motus
1415 1762 1585 1814 oculos
1627 1762 1807 1814 eadem
1849 1761 1934 1813 illa
1974 1760 2172 1813 dimen-

214 1845 354 1897 sione
385 1845 624 1901 delectet,
663 1845 857 1897 dicitur
893 1852 1071 1896 tamen
1110 1843 1434 1896 rationabilis
1472 1842 1557 1895 illa
1596 1842 1825 1901 saltatio,
1868 1844 2005 1910 quod
2046 1842 2173 1894 bene

213 1926 407 1994 aliquid
430 1926 687 1995 significet
711 1933 760 1978 et
787 1927 1029 1978 ostendat
1058 1934 1275 1993 excepta
1303 1942 1547 1977 sensuum
1572 1924 1860 1992 uoluptate.
1888 1940 1991 1975 non
2013 1923 2167 1980 0111111,

213 2008 253 2059 si
291 2008 562 2075 pinnatam
600 2008 853 2060 Uenerem
889 2007 1049 2059 faciat
1086 2015 1135 2059 ct
1172 2006 1478 2074 Cupidinem
1516 2005 1805 2074 palliatum,
1845 2006 2082 2072 quamuis
2121 2005 2170 2057 id

213 2089 341 2140 mira
390 2089 739 2140 membrorum
791 2089 1018 2140 motione
1068 2096 1226 2156 atque
1277 2088 1631 2139 conlocatione
1680 2086 1946 2155 depingat,
2000 2086 2170 2138 oculos

218 2170 421 2221 uidetur
447 2170 707 2222 offendere
733 2172 819 2222 sed
849 2186 938 2237 per
964 2169 1134 2221 oculos
1162 2169 1412 2228 animum,
1441 2169 1521 2220 cui
1547 2169 1691 2237 signa
1721 2184 1889 2220 rerum
1915 2167 1999 2219 illa
2028 2184 2171 2219 111011-

213 2258 471 2314 strantur;
505 2267 625 2302 nam
663 2251 794 2302 oculi
830 2251 1233 2311 offenderentur,
1269 2250 1309 2301 si
1345 2266 1447 2301 non
1484 2250 1692 2317 pulchre
1726 2256 2038 2301 moueretur.
2077 2249 2171 2300 hoc

214 2333 350 2384 enim
379 2332 676 2401 pertinebat
706 2333 770 2383 ad
801 2348 1025 2393 sensum,
1057 2332 1108 2382 in
1141 2348 1242 2399 quo
1272 2332 1446 2383 anima
1478 2348 1535 2382 eo
1567 2331 1693 2398 ipso,
1728 2331 1865 2398 quod
1895 2330 2063 2381 mixta
2093 2337 2169 2381 est

214 2414 429 2481 corpori,
462 2413 679 2481 percipit
715 2412 1058 2481 uoluptatem.
1094 2412 1232 2465 aliud
1267 2429 1383 2479 crgo
1415 2429 1609 2469 sensus,
1645 2411 1783 2463 aliud
1817 2427 1908 2479 per
1937 2427 2168 2468 sensum2

214 2511 335 2545 nam
353 2511 558 2545 sensum
579 2493 767 2546 mulcet
789 2494 999 2562 pulcher
1016 2499 1205 2555 motus,
1228 2509 1315 2561 per
1332 2510 1537 2545 sensum
1558 2500 1733 2545 autem
1752 2493 1984 2544 animum
2004 2491 2167 2542 solum

214 2575 426 2643 pulchra
450 2575 503 2625 in
527 2582 673 2626 motu
692 2575 1022 2643 significatio.
1043 2575 1138 2626 hoc
1157 2575 1316 2627 etiam
1334 2574 1386 2625 111
1404 2574 1613 2626 auribus
1634 2574 1836 2624 facilius
1853 2574 1914 2625 ad
1926 2572 2167 2631 uertitur,

213 2673 334 2708 nam
358 2656 608 2724 quidquid
629 2656 850 2707 iucunde
871 2663 1039 2717 sonat,
1062 2656 1183 2707 illud
1207 2656 1375 2723 ipsum
1395 2655 1633 2706 auditum
1657 2654 1779 2706 libet
1801 2661 1958 2722 atque
1978 2653 2168 2712 inlicit;

340 2864 365 2906 5
386 2864 578 2906 hostium
604 2865 640 2906 P
750 2864 774 2906 G
797 2878 870 2906 nec
884 2864 1076 2907 -medio
1098 2863 1233 2906 omM
1337 2865 1358 2906 7
1383 2860 1553 2919 iniqua]
1576 2863 1619 2904 in
1640 2876 1726 2919 qua
1751 2863 1802 2904 M
1903 2861 2115 2904 dimentio
2138 2864 2171 2905 T

216 2937 304 2992 911]
327 2938 370 2980 in
393 2940 432 2981 A
516 2939 563 2979 10
587 2937 715 2980 solito
737 2939 771 2992 (t
795 2939 932 2993 ι17119)
953 2940 1005 2982 Μ
1097 2939 1235 2980 lucem
1257 2937 1308 2979 M
1412 2940 1457 2979 11
1485 2935 1579 2991 1100]
1604 2951 1655 2979 110
1679 2937 1715 2978 P
1809 2937 1860 2979 17
1882 2936 2106 2991 hystrione
2135 2938 2169 2978 T

214 3011 422 3066 saltante]
447 3012 601 3055 saltem
625 3013 735 3056 Hm]
832 3013 883 3054 20
909 3011 1132 3055 rationalis
1156 3014 1194 3055 A
1299 3012 1343 3053 21
1370 3015 1565 3055 ostentat
1589 3012 1694 3052 Am]
1790 3011 1842 3053 22
1863 3009 1897 3052 si
1920 3010 1951 3064 (i
1973 3022 2002 3050 s.
2019 3010 2107 3061 ml)
2132 3008 2167 3049 Ρ

217 3091 452 3140 pennatam
478 3085 619 3127 AHM
721 3084 782 3139 id]
805 3087 861 3129 ad
886 3088 924 3128 A
1026 3087 1077 3130 24
1101 3098 1175 3140 per
1197 3087 1343 3128 oculos
1363 3088 1456 3140 post
1475 3084 1545 3127 cui
1567 3083 1726 3126 exhibet
1741 3086 1779 3125 A
1883 3095 2025 3124 rerum
2048 3082 2165 3137 signa

214 3159 302 3201 edd.
434 3161 486 3204 26
505 3157 642 3215 quod]
664 3173 748 3216 quo
778 3162 813 3203 T
963 3160 1012 3202 27
1035 3172 1098 3214 pr.
1123 3155 1261 3211 aliud]
1284 3157 1404 3201 aliud
1429 3165 1489 3201 est
1520 3157 1672 3201 Pmt2T
1810 3156 1860 3197 :28
1882 3169 1944 3209 pr.
1969 3167 2095 3198 sensu
2117 3157 2168 3198 M

217 3233 392 3288 pulchre
415 3233 555 3276 HJJP
684 3235 736 3276 20
760 3233 802 3274 in
826 3231 966 3287 motu]
990 3233 1033 3274 111
1054 3238 1198 3275 motus
1225 3232 1260 3273 P
1284 3235 1406 3274 motu
1428 3231 1479 3274 M
1612 3232 1669 3274 30
1690 3229 1899 3272 iocundae
1925 3229 1960 3270 P
1985 3228 2166 3271 iocunde

216 3307 402 3349 AHMT
556 3306 679 3348 illum
714 3305 928 3350 AHPTm
1075 3305 1280 3349 auditum
1314 3306 1436 3348 om.A
1582 3302 1689 3346 illud
1721 3301 1826 3346 libet
1859 3307 1992 3358 atque
2026 3302 2165 3356 ipsum

215 3378 419 3422 auditum
444 3379 592 3435 Jligme
