2398 3724
109 1102 157 1138 10

110 1506 156 1542 15

107 1926 156 1962 20

109 2331 158 2368 25

1038 209 1078 258 4,
1119 205 1280 251 25—27
2050 195 2144 249 109

194 373 356 424 neque
375 357 438 407 ad
458 355 647 407 bonam
665 356 1023 424 integra-mque
1042 355 1434 408 ualetudinem?
1454 372 1576 408 nam
1595 363 1646 408 et
1664 358 1885 425 praediis
1904 366 2146 426 quaestu-

194 436 433 489 osissimis
460 442 513 488 et
540 436 716 489 amicis
743 436 1139 499 iucundissimiS,
1169 442 1426 505 quantum
1454 436 1622 500 libuit,
1652 437 1942 491 abundauit
1969 445 2021 491 et
2047 440 2146 493 illis

194 517 430 569 omnibus
449 517 713 585 aptissime
732 518 796 570 ad
827 517 1047 569 salutem
1077 518 1301 586 corporis
1331 535 1451 570 usus
1481 524 1559 570 est
1577 519 1802 587 eiusque,
1835 526 1892 571 ut
1922 520 2147 573 breuiter

193 605 363 650 totum
393 598 657 666 explicem,
690 615 839 650 omne
867 599 1169 651 institutum
1200 598 1630 667 uoluntatemque
1662 616 1867 652 omnem
1897 603 2146 655 successio

195 696 437 747 prospera
471 684 748 731 consecuta
783 685 876 732 est.
932 681 1019 732 sed
1056 679 1274 732 fortasse
1307 680 1509 748 inquiet
1544 680 1729 749 aliquis
1764 687 1996 734 uestrum
2031 683 2146 752 plus

194 759 353 823 illum,
389 776 546 828 quam
579 759 824 822 habebat,
857 760 1048 812 habere
1081 759 1318 834 uoluisse,
1371 761 1467 814 hoc
1500 762 1812 830 ignoramus,
1867 765 1971 828 sed,
2007 766 2146 833 quod

193 842 316 893 satis
350 848 427 893 est
459 841 767 909 quaestioni,
800 841 1050 894 faciamus
1083 858 1199 893 eum
1232 858 1337 894 non
1368 843 1682 895 desiderasse
1715 843 1953 911 amplius,
1988 861 2146 914 quam

193 922 429 985 tenebat3
475 923 745 974 uideturne
790 922 937 975 uobis
981 922 1215 991 eguisse?
1263 952 1328 957 —-
1368 923 1591 976 Etiamsi
1634 926 1931 989 concedam,
1975 926 2148 995 inquit

194 1003 469 1066 LicentiuS,
498 1003 626 1054 nihil
654 1021 770 1055 eum
798 1003 912 1072 plus
940 1004 1271 1067 desiderasse,
1301 1006 1439 1073 quod
1466 1004 1520 1056 in
1547 1005 1755 1058 homine
1782 1023 1886 1059 non
1913 1007 2148 1075 sapiente

193 1084 360 1136 nescio
386 1085 644 1152 quomodo
669 1085 936 1153 accipiam,
961 1085 1230 1137 metuebat
1253 1091 1431 1138 tamen
1456 1115 1521 1119 ——
1542 1092 1653 1138 erat
1677 1087 1831 1152 enim,
1857 1093 1916 1140 ut
1940 1089 2145 1152 dicitur,

192 1165 379 1234 ingenii
400 1182 502 1218 non
519 1165 644 1218 mali
663 1195 726 1199 —
743 1183 805 1218 ne
823 1165 912 1218 illa
931 1167 1104 1218 omnia
1123 1166 1219 1218 sibi
1237 1166 1319 1218 uel
1336 1183 1439 1219 uno
1458 1168 1675 1220 aduerso
1692 1168 1893 1237 impetu
1909 1186 2149 1238 raperen-

193 1252 291 1299 tur.
316 1263 417 1298 non
440 1247 575 1299 enim
597 1263 843 1316 magnum
869 1253 980 1299 erat
1008 1247 1302 1317 intellegere
1336 1248 1465 1300 talia
1497 1254 1701 1312 cuncta,
1726 1256 2147 1319 quantacumque

193 1332 379 1390 essent,
425 1344 531 1380 esse
576 1327 671 1380 sub
704 1328 907 1380 casibus
952 1329 1256 1382 constituta.
1292 1358 1358 1363 —
1389 1330 1519 1382 Tum
1554 1347 1646 1399 ego
1679 1332 1935 1384 arridens:
1970 1333 2147 1396 UideS,

192 1409 422 1476 inquam,
469 1409 684 1472 Licenti‚
731 1409 1203 1462 fortunatissimum
1248 1411 1408 1463 istum
1452 1411 1714 1464 hominem
1761 1430 1791 1465 a
1836 1413 1993 1466 beata-
2036 1415 2150 1466 uita

193 1490 385 1558 ingenii
404 1489 639 1543 bonitate
658 1491 964 1559 inpeditum.
983 1507 1084 1558 quo
1105 1491 1243 1543 enim
1264 1497 1375 1544 erat
1395 1493 1610 1556 acutior,
1627 1510 1684 1547 eo
1705 1494 1917 1547 uidebat
1936 1495 2024 1547 illa
2044 1513 2149 1547 om-

192 1571 274 1623 nia
297 1588 347 1622 se
368 1588 513 1639 posse
545 1572 806 1635 amittere;
839 1588 942 1640 quo
974 1577 1118 1624 metu
1146 1572 1483 1642 frangebatur
1513 1573 1743 1643 illudque
1777 1575 1988 1645 uulgare
2021 1577 2148 1629 satis

195 1652 465 1703 adserebat
499 1652 720 1705 infidum
754 1653 1018 1705 hominem
1053 1653 1190 1706 malo
1227 1670 1318 1706 suo
1354 1671 1460 1707 esse
1496 1657 1785 1709 cordatum.

324 1748 401 1800 27.
435 1748 532 1800 Hic
561 1765 679 1800 cum
709 1754 761 1800 et
788 1748 872 1801 ille
902 1754 954 1801 et
982 1749 1139 1802 ceteri
1168 1750 1491 1803 adrisissent:
1526 1750 1660 1804 Illud
1689 1757 1884 1816 tamen,
1914 1754 2148 1822 inquam,

192 1828 487 1897 diligentius
533 1831 895 1893 adtendamuS,
949 1830 1089 1898 quia,
1136 1831 1232 1883 etsi
1277 1831 1456 1883 timuit
1500 1832 1614 1896 iste,
1661 1850 1764 1886 non
1810 1834 1965 1903 eguit,
2013 1836 2149 1887 unde

192 1910 427 1977 quaestio
459 1916 551 1963 est.
603 1928 748 1980 egere
780 1916 858 1963 est
889 1912 1026 1963 enim
1057 1912 1110 1962 in
1141 1928 1244 1964 non
1274 1912 1531 1976 habendO,
1564 1930 1666 1966 non
1697 1914 1750 1965 in
1780 1915 1965 1967 timore
1997 1917 2150 1968 amit-

192 1990 336 2042 tendi
363 2007 493 2058 quae
518 1991 725 2045 habeas.
772 1997 885 2044 erat
909 1996 1085 2044 autem
1111 1993 1208 2044 iste
1233 1993 1404 2057 miser,
1443 1994 1565 2062 quia
1589 1995 1876 2060 metuebat,
1909 1998 2149 2066 quamuis

194 2087 295 2123 non
321 2077 506 2140 egeret.
552 2089 654 2125 non
678 2073 835 2143 igitur
862 2073 1044 2137 omniS‚
1072 2074 1161 2142 qui
1184 2074 1339 2130 miser
1364 2080 1458 2138 est,
1485 2081 1617 2145 eget.
1646 2072 1710 2110 —'
1742 2077 1890 2139 Quod
1915 2095 2034 2131 cum
2060 2080 2149 2131 ad-

193 2152 517 2219 probauisset
547 2171 665 2206 cum
697 2155 879 2207 ceteris
912 2155 1071 2207 etiam
1102 2155 1230 2224 ipsa,
1264 2156 1407 2208 cuius
1440 2158 1754 2210 sententiam
1787 2159 2148 2223 defendebam,

195 2232 520 2301 aliquantum
557 2240 734 2287 tamen
771 2236 1112 2288 addubitans:
1153 2237 1351 2300 Nescio,
1388 2238 1576 2305 inquit,
1614 2245 1792 2291 tamen
1830 2246 1882 2293 et
1917 2243 2149 2294 nondum

194 2313 345 2382 plane
377 2314 636 2384 intellego,
672 2317 931 2384 quomodo
966 2317 1032 2368 ab
1066 2322 1294 2386 egestate
1327 2318 1491 2386 possit
1523 2320 1727 2372 miseria
1760 2326 1853 2373 aut
1886 2327 2085 2391 egestas
2121 2340 2151 2375 a

194 2396 397 2448 miseria
425 2397 666 2465 separari.
708 2414 831 2449 nam
859 2403 912 2449 et
937 2397 1051 2462 iste,
1081 2399 1169 2467 qui
1196 2398 1339 2451 diues
1367 2404 1420 2451 et
1446 2399 1671 2469 locuples
1699 2407 1812 2454 erat
1839 2407 1892 2454 et
1917 2403 2061 2467 nihil,
2091 2409 2150 2455 ut

195 2476 380 2541 dicitis,
420 2478 640 2546 amplius
678 2478 1024 2542 desiderabat,
1063 2485 1259 2543 tamen,
1299 2481 1421 2548 quia
1457 2482 1727 2535 metuebat
1764 2500 1827 2535 ne
1865 2485 2148 2548 amitteret,

195 2557 378 2626 egebat
402 2559 671 2627 sapientia.
717 2577 902 2629 ergone
924 2560 1061 2612 hunc
1087 2566 1324 2630 egentem
1349 2562 1649 2627 diceremus,
1676 2564 1717 2616 si
1741 2570 1911 2634 egeret
1935 2572 2150 2635 argento

196 2644 246 2690 et
272 2640 504 2707 pecunia,
543 2657 659 2692 cum
686 2647 856 2710 egeret
883 2642 1155 2709 sapientia,
1184 2659 1285 2694 non
1313 2643 1578 2696 dicemus?
1609 2674 1673 2678 ——
1697 2645 1800 2698 Uki
1826 2663 1944 2698 cum
1972 2664 2149 2700 omnes

323 2841 340 2882 1
368 2840 658 2886 ualitudinem
670 2844 754 2899 Mp
845 2844 1015 2898 praedis
1030 2844 1066 2886 L
1154 2835 1570 2904 quaestiiosissimis]
1591 2860 1676 2903 qua
1698 2852 1766 2892 est
1784 2848 2023 2892 uosissimis
2038 2848 2146 2892 Am]

197 2925 278 2970 que
301 2916 459 2970 (emp)
479 2915 813 2959 studiosissimis
835 2918 900 2973 Lp
1029 2919 1053 2960 2
1075 2922 1117 2960 et
1137 2918 1290 2963 amicis
1309 2918 1634 2965 iucundissimis
1657 2923 1860 2978 omLMp
1980 2923 2148 2966 habun-

194 2986 319 3032 dauit
339 2989 380 3031 A
522 2992 547 3033 3
577 2990 722 3045 eisque
736 2991 827 3034 LM
978 2992 1170 3037 breuiter
1190 2993 1285 3036 add.
1301 3007 1354 3036 m.
1379 2997 1484 3049 post.
1500 2994 1563 3038 sul.
1590 2995 1629 3037 A
1779 2999 1803 3039 4
1829 3011 1892 3052 pr.
1913 3010 2087 3040 onmem
2110 3000 2147 3040 A

195 3062 360 3109 omnus
383 3075 431 3105 ex
452 3062 603 3106 omniu
624 3077 705 3106 rrae.
731 3066 770 3107 Α
912 3065 937 3107 5
966 3063 1136 3122 inquiet
1157 3067 1205 3109 in
1228 3079 1307 3110 ras.
1324 3068 1435 3111 mIA
1583 3075 1785 3113 nostrum
1803 3085 1833 3125 p
1976 3070 2002 3114 6
2027 3071 2144 3126 quod

197 3135 238 3188 (o
259 3148 307 3177 ex
330 3135 447 3190 imss)
470 3138 509 3178 A
596 3137 621 3179 9
644 3138 737 3193 plus
759 3152 883 3182 emm
980 3140 1031 3182 10
1052 3140 1188 3197 enim]
1208 3140 1276 3183 uir
1294 3141 1389 3183 add.
1411 3157 1452 3186 m
1531 3142 1581 3186 13
1601 3146 1708 3185 tunc
1732 3144 1852 3199 LMp
1932 3144 1980 3187 15
2003 3144 2150 3187 onmia

198 3207 267 3251 illa
291 3224 318 3264 p
473 3211 526 3253 16
546 3210 776 3254 ammittere
798 3213 858 3266 (m
883 3214 985 3267 rae.)
1007 3214 1045 3256 A
1188 3215 1239 3260 17
1259 3213 1442 3258 infidem
1465 3217 1504 3259 A
1525 3216 1573 3271 (d
1595 3230 1644 3258 ex
1665 3231 1689 3259 n
1715 3219 1804 3272 m1)
1824 3218 1887 3260 La
2012 3216 2147 3272 malo]

196 3281 333 3324 multo
357 3283 395 3323 A
506 3285 556 3326 18
580 3283 641 3325 illi
663 3299 688 3327 α
799 3285 851 3328 19
870 3284 995 3342 quia]
1015 3287 1092 3343 qui
1110 3301 1152 3330 m
1271 3290 1323 3332 23
1346 3290 1565 3333 sententia
1585 3305 1612 3345 p
1705 3291 2001 3347 dependebam
2028 3291 2147 3347 LMp

198 3355 247 3398 24
270 3355 592 3411 aliquantulum
616 3372 654 3400 m
747 3358 797 3402 25
820 3359 944 3415 plene
963 3374 1031 3404 αφη
1123 3361 1174 3405 28
1195 3362 1365 3418 sapiens
1381 3362 1416 3405 L
1506 3362 1559 3406 29
1579 3361 1642 3418 et]
1662 3363 1730 3407 uel
1752 3379 1780 3419 p
1871 3367 2015 3420 egeret
2037 3378 2148 3420 emp

196 3428 433 3473 diceremus
453 3431 505 3474 M
510 3443 551 3472 m
