2398 3724
172 693 192 728 5

145 1098 192 1134 10

146 1503 194 1539 15

146 1909 195 1945 20

147 2313 195 2348 25

1106 201 1143 245 2,
1187 199 1295 243 7—8
2116 187 2181 240 95

360 351 404 403 8.
440 350 569 412 Quid
603 366 718 419 ergo
741 349 952 402 anima?
983 350 1220 418 inquam;
1250 348 1455 401 nullane
1484 348 1642 401 habet
1670 349 1916 402 alimenta
1936 349 2181 418 propria?

229 449 292 484 an
317 433 422 484 eius
451 448 567 484 esca
593 430 807 484 scientia
830 430 976 482 uobis
1006 429 1247 483 uidetur?
1269 464 1335 470 -—
1356 429 1529 492 Plane,
1559 430 1728 498 inquit
1754 437 1936 492 mater,
1965 431 2104 483 nulla
2131 447 2183 484 re

229 514 328 566 alia
358 514 506 565 credo
537 512 602 565 ali
632 512 860 564 animam
890 528 1046 580 quam
1074 511 1341 564 intellectu
1369 526 1536 563 rerum
1566 517 1723 579 atque
1752 511 1983 564 scientia.
2014 543 2079 548 -—
2106 513 2183 565 De

231 612 332 663 qua
364 594 621 648 sententia
657 609 771 645 cum
800 592 1072 662 Trygetius
1099 592 1317 644 dubium
1352 609 1403 644 se
1441 593 1757 645 ostenderet:
1792 593 1977 655 Hodie,
2013 594 2183 661 inquit

227 676 328 729 illa.
356 682 415 727 tu
443 675 549 742 ipse
577 691 745 727 nonne
773 674 1011 736 docuisti,
1036 674 1169 726 unde
1194 679 1286 726 aut
1309 673 1396 725 ubi
1419 673 1590 725 anima
1613 672 1895 741 pascatur?
1921 691 2042 726 nam
2065 681 2183 743 post

229 756 548 824 aliquantam
592 755 794 824 prandii
837 761 1038 823 partem
1069 761 1120 807 te
1151 755 1332 808 dixisti
1362 754 1664 816 aduertisse,
1701 771 1799 822 quo
1833 755 2040 808 uasculo
2074 762 2185 808 ute-

226 853 411 898 remur,
440 838 572 906 quod
599 836 698 889 alia
729 836 897 888 nescio
923 853 1023 904 qua
1056 836 1351 904 cogita-sseS,
1383 852 1477 888 nec
1506 842 1682 888 tamen
1713 835 1780 887 ab
1810 836 1919 904 ipsa
1954 836 2183 889 ciborum

228 927 374 987 parte
397 918 721 971 abstinueras
744 934 928 969 manus
952 924 1109 985 atque
1134 933 1349 969 morsus,
1395 916 1481 968 ubi
1505 917 1662 986 igitur
1685 924 1794 969 erat
1818 917 2019 970 animus
2043 925 2181 979 tuus

234 1017 332 1068 quo
361 1008 591 1067 tempore
617 999 739 1050 illud
768 1006 819 1050 te
847 1005 1085 1051 uescente
1112 1014 1214 1050 non
1241 997 1598 1050 adtendebat?
1626 998 1760 1059 inde,
1789 998 1912 1049 mihi
1942 1000 2103 1060 crede,
2132 1006 2184 1052 et

228 1080 419 1133 talibus
451 1080 612 1148 epulis
648 1079 849 1132 animus
884 1080 1131 1147 pascitur,
1167 1079 1216 1130 id
1255 1085 1334 1131 est
1371 1079 1503 1131 curis
1539 1086 1590 1131 et
1626 1079 2027 1148 cogitationibus
2062 1080 2183 1142 suiS,

229 1162 269 1213 si
304 1178 394 1229 per
426 1179 511 1214 eas
545 1161 737 1229 aliquid
774 1161 1030 1229 percipere
1065 1160 1244 1229 possit.
1299 1190 1364 1196 —
1397 1160 1473 1212 De
1509 1176 1611 1229 qua-
1644 1176 1696 1212 re
1732 1177 1847 1212 cum
1881 1160 2186 1214 dubitanter

229 1249 537 1311 streperent:
591 1243 787 1303 Nonne,
838 1242 1068 1310 inquam,
1120 1241 1399 1294 conceditis
1448 1241 1715 1294 hominum
1764 1241 2183 1294 doctissimorum

229 1325 425 1376 animos
455 1323 619 1376 multo
650 1340 758 1377 6556
791 1339 945 1390 quam
976 1323 1314 1391 inperitorum
1345 1323 1493 1390 quasi
1521 1323 1572 1373 in
1603 1339 1692 1374 suo
1722 1338 1902 1390 genere
1933 1323 2184 1391 pleniores

229 1411 386 1472 atque
409 1403 664 1457 maiores?
685 1436 747 1440 —
766 1404 1101 1457 Manifestum
1123 1421 1229 1456 esse
1252 1403 1510 1456 dixerunt.
1527 1435 1591 1439 —
1607 1404 1766 1456 Recte
1788 1403 1946 1472 igitur
1963 1405 2183 1456 dicimus

229 1502 402 1538 eorum
436 1486 649 1548 animos,
686 1485 770 1553 qui
802 1485 954 1537 nullis
985 1484 1267 1554 disciplinis
1299 1484 1485 1537 eruditi
1518 1492 1640 1538 sunt
1671 1485 1897 1553 nihilque
1931 1483 2183 1538 bonarum

230 1567 419 1620 artium
466 1567 763 1628 hauserunt,
823 1567 1018 1619 ieiunos
1077 1575 1128 1619 et
1173 1566 1319 1634 quasi
1367 1565 1631 1619 famelicos
1684 1583 1810 1619 esse.
1864 1601 1929 1606 -—
1980 1567 2180 1628 PlenOS,

228 1648 400 1717 inquit
451 1647 745 1717 Trygetius,
788 1653 841 1700 et
879 1647 1083 1700 illorum
1115 1647 1316 1699 animos
1363 1664 1472 1699 esse
1508 1647 1744 1709 arbitror,
1791 1649 1876 1700 sed
1926 1648 2065 1700 uitiis
2106 1654 2184 1700 at-

233 1747 328 1797 que
355 1730 601 1797 nequitia.
630 1761 694 1765 —
722 1729 830 1782 Ista
857 1730 968 1798 ipsa
996 1735 1088 1790 est,
1118 1729 1346 1796 inquam,
1376 1728 1499 1780 mihi
1529 1730 1690 1791 crede,
1722 1729 1976 1797 quaedam
2002 1729 2184 1781 sterili-

229 1820 311 1863 tas
333 1818 385 1862 et
410 1810 553 1878 quasi
577 1810 738 1862 fames
761 1811 1064 1862 animorum.
1097 1826 1217 1862 nam
1244 1826 1394 1877 quem
1418 1811 1481 1862 ad
1505 1811 1717 1862 modum
1741 1826 1923 1879 corpus
1946 1812 2180 1863 detracto

230 1890 341 1943 cibo
371 1890 669 1959 plerumque
697 1891 889 1944 morbis
917 1899 1074 1958 atque
1103 1890 1272 1943 scabie
1301 1891 1540 1959 repletur,
1573 1908 1702 1959 quae
1730 1892 1783 1942 in
1810 1909 1867 1944 eo
1898 1892 2023 1944 uitia
2054 1892 2184 1943 indi—

231 1981 352 2025 cant
382 1973 587 2035 famem,
618 1972 694 2025 ita
723 1980 774 2025 et
804 1971 1005 2024 illorum
1035 1972 1192 2024 animi
1222 1972 1357 2040 pleni
1387 1980 1508 2024 sunt
1538 1972 1745 2034 morbis,
1780 1972 1963 2040 quibus
1995 1990 2083 2024 sua
2116 1973 2183 2024 ie—

230 2054 370 2105 iunia
413 2054 741 2106 confitentur.
805 2054 995 2106 etenim
1036 2053 1204 2121 ipsam
1246 2053 1532 2121 nequitiam
1574 2060 1793 2106 matrem
1837 2054 2067 2106 omnium
2111 2054 2184 2105 ui-

231 2135 418 2186 tiorum
456 2152 518 2186 ex
553 2152 626 2197 66,
666 2136 799 2202 quod
827 2135 1170 2203 nequicquam
1194 2134 1277 2197 sit,
1313 2134 1362 2186 id
1390 2141 1468 2187 est
1491 2152 1554 2186 ex
1578 2152 1652 2197 66,
1681 2136 1813 2203 quod
1842 2135 1968 2187 nihil
1990 2135 2071 2197 sit,
2099 2152 2184 2186 ue-

231 2223 362 2266 teres
400 2216 594 2267 dictam
633 2233 740 2267 esse
781 2216 1069 2267 uoluerunt.
1131 2216 1209 2268 cui
1251 2216 1375 2268 uitio
1419 2232 1547 2283 quae
1588 2216 1843 2268 contraria
1885 2217 2047 2268 uirtus
2087 2226 2181 2277 est,

233 2295 499 2365 frugalitas
525 2296 835 2348 nominatur.
886 2304 940 2348 ut
967 2297 1122 2365 igitur
1147 2297 1273 2349 haec
1298 2315 1326 2348 a
1354 2297 1512 2365 fruge,
1540 2297 1588 2348 id
1617 2304 1694 2349 est
1721 2315 1748 2348 a
1776 2297 1949 2349 fructu
1974 2306 2184 2366 propter

234 2379 492 2445 quandam
525 2377 813 2429 animorum
846 2377 1235 2439 fecunditatem,
1269 2378 1343 2430 ita
1375 2377 1461 2430 illa
1494 2377 1560 2430 ab
1593 2378 1880 2440 sterilitate,
1916 2379 2011 2430 hoc
2043 2385 2119 2430 est
2153 2395 2183 2430 a

232 2459 386 2510 nihilo
416 2458 646 2526 nequitia
672 2459 941 2511 nominata
959 2465 1070 2521 est,
1097 2459 1224 2510 nihil
1250 2466 1328 2511 est
1356 2459 1489 2510 enim
1518 2476 1683 2520 omne,
1716 2461 1848 2526 quod
1880 2459 2013 2519 fluit,
2045 2460 2180 2527 quod

232 2538 462 2599 soluitur,
501 2541 633 2607 quod
671 2540 906 2607 liquescit
940 2547 991 2593 et
1027 2540 1172 2608 quasi
1206 2556 1404 2608 semper
1438 2540 1584 2608 perit.
1639 2540 1752 2593 ideo
1787 2540 1916 2593 tales
1952 2540 2182 2592 homines

360 2712 409 2753 23
431 2711 484 2752 ef.
508 2710 592 2754 Cic.
619 2711 741 2755 Tuse.
769 2711 837 2753 III
861 2714 912 2754 13

363 2839 379 2878 1
406 2836 573 2880 habeut
593 2837 714 2881 Mm]
837 2839 860 2879 2
882 2837 1004 2880 nobis
1028 2837 1095 2883 ill,
1118 2851 1229 2891 emp
1363 2837 1445 2880 alia
1468 2851 1511 2880 re
1534 2837 1583 2878 Μ
1718 2839 1743 2882 3
1765 2837 1843 2895 ali]
1863 2838 1992 2894 ali*(a
2015 2840 2118 2887 ras.)
2142 2839 2180 2880 A

233 2908 257 2949 5
293 2916 495 2964 pascatur
526 2910 672 2953 anima
693 2911 743 2952 ,il
859 2910 883 2953 6
916 2911 1192 2967 aliquantam
1226 2912 1269 2966 (a
1301 2910 1376 2954 ult.
1411 2923 1461 2952 ex
1490 2913 1537 2965 u)
1560 2913 1599 2954 A
1733 2925 1818 2954 non
1851 2912 2092 2956 aduertisse
2113 2927 2180 2955 am

240 2986 261 3026 7
284 2980 385 3038 qua]
410 2997 522 3039 quae
545 2984 710 3028 Amal!
725 2985 810 3027 edd.
912 2987 936 3029 8
958 2986 1102 3041 adque
1125 2984 1165 3027 A
1270 2998 1369 3041 ergo
1392 3000 1419 3041 p
1534 2986 1558 3027 5]
1581 2990 1827 3029 uescenteni
1852 2987 1903 3029 M
1997 2989 2046 3030 10
2068 2986 2180 3027 euris

233 3056 278 3107 (u
302 3069 351 3098 er
372 3069 397 3099 a
416 3059 538 3105 corr.)
559 3057 598 3099 A
622 3059 801 3101 theoriis
822 3058 911 3101 [ὦ]
928 3060 1017 3101 edd·
1136 3060 1179 3103 1]
1207 3059 1242 3102 si
1265 3059 1356 3116 per]
1379 3072 1506 3116 super
1528 3060 1561 3101 L
1583 3059 1618 3100 si
1639 3074 1767 3117 super
1786 3061 1839 3102 ,il
1861 3062 1928 3103 uel
1950 3060 1986 3102 si
2005 3071 2137 3115 super
2153 3073 2181 3113 p

235 3140 379 3185 posset
402 3130 518 3185 LJIp
599 3133 648 3174 12
670 3133 897 3175 numneill
971 3133 1021 3174 16
1042 3132 1314 3175 famelicasL
1391 3146 1480 3175 esse
1502 3147 1611 3188 oin.p
1693 3137 1741 3177 17
1766 3133 1890 3178 uiciis
1907 3134 1945 3174 A
2024 3133 2072 3173 18
2096 3132 2180 3174 ista.

235 3203 368 3247 omn]
444 3203 625 3260 inquam
650 3205 754 3247 mihi
776 3210 841 3248 est
864 3206 987 3248 crede
1008 3220 1035 3259 p
1113 3207 1237 3249 crede
1260 3205 1366 3248 mihi
1385 3221 1452 3249 am
1533 3206 1747 3249 sterelitas
1770 3207 1809 3248 A
1885 3207 1936 3249 20
1957 3207 2106 3248 morbo
2127 3205 2179 3246 M

235 3279 424 3330 repletur
446 3278 483 3331 (r
503 3278 574 3319 all.
597 3291 647 3319 ec
667 3279 702 3332 s)
726 3279 764 3320 A
838 3278 970 3335 uitia]
991 3279 1139 3321 uiuam
1162 3279 1214 3320 M
1308 3281 1357 3322 21
1382 3282 1425 3321 et
1447 3282 1541 3322 ante
1561 3280 1622 3322 ita
1645 3292 1745 3321 (rus.
1771 3282 1809 3323 A
1907 3280 1958 3322 23
1979 3279 2181 3334 *nequie-

235 3364 367 3406 quan]
394 3359 438 3407 (q
469 3364 566 3403 ras,
593 3366 614 3395 6
643 3352 783 3406 7η2)Α
810 3365 889 3396 nec
918 3352 1152 3408 quicquam
1181 3352 1301 3408 LMp
1407 3353 1449 3394 id
1478 3354 1657 3396 est—sit
1683 3354 1817 3397 vind!
1914 3352 1965 3397 26
1987 3350 2060 3406 ab]
2086 3366 2110 3394 a
2127 3352 2177 3395 M

237 3425 285 3466 27
312 3423 384 3465 all.
412 3429 477 3468 est
500 3425 634 3467 omn
723 3427 774 3468 :23
796 3425 1052 3481 periitJImI
