2398 3724
719 121 797 166 ΙΙΙ.
846 120 985 163 Index
1026 119 1258 163 uerborum
1297 122 1343 162 et
1387 118 1670 162 locutionum.

220 288 423 342 aspectus
459 284 490 327 i.
529 298 565 338 q.
605 282 746 326 oculi:
784 282 981 339 aspectui
1019 282 1156 326 facere

276 358 477 402 iniuriam
511 358 606 408 171,
637 357 678 400 8.

220 432 411 476 assensio
459 432 524 486 (=
565 430 940 487 συγκατάθεσις);
988 430 1033 472 in
1067 443 1157 473 rem

277 506 473 550 animum
505 504 698 548 declinat
728 517 767 547 a.
800 505 869 555 71,
901 505 968 547 22.

220 594 406 625 asserere
437 579 548 635 alqm
578 579 759 622 beatum
790 579 833 629 8,
864 579 930 621 17.

219 654 483 710 asyndeton:
517 653 550 696 si
581 651 921 695 humanissimus
953 651 1159 695 liberalis-

278 728 411 772 simus
441 726 755 770 mundissimus
785 725 1159 770 fortunatissimus
1196 774 1198 787 <

1197 844 1198 850 ,
1236 799 1541 843 blandimenta
1580 800 1783 843 fortunae
1826 801 1920 851 183,
1963 802 2027 844 11.

277 876 502 927 concedat,
530 874 700 918 adimat
726 888 793 917 res
820 873 994 917 diuinas
1022 875 1091 925 20,
1119 875 1158 917 9.
1183 896 1199 918 -4

277 949 476 993 titubans
504 962 740 1005 properans
768 948 991 991 haesitans
1021 949 1090 999 27,
1118 948 1158 990 5.
1196 991 1198 997 ,

276 1025 330 1067 de
360 1037 433 1080 spe
464 1024 515 1066 de
546 1022 641 1065 uita
670 1023 722 1066 de
754 1022 960 1065 instituto
992 1021 1061 1073 45,
1092 1023 1158 1065 14.
1196 1009 1198 1024 ⁴

276 1097 501 1154 probabile
525 1096 728 1147 occurrit,
753 1100 927 1139 secutus
950 1100 1034 1147 est,
1057 1096 1161 1139 fecit
1197 1099 1199 1144 ὲ

276 801 496 845 iactareris
545 803 586 852 4,
637 800 704 843 25.
755 800 790 843 si
839 799 1158 843 diuinationem

276 1173 346 1223 74,
386 1172 424 1214 7.
464 1170 681 1214 industria
719 1170 949 1226 uigilantia
987 1169 1159 1226 ingenio

275 1245 477 1289 doctrina
500 1244 568 1296 75,
593 1246 659 1288 13.
683 1244 790 1288 totis
812 1243 935 1295 uelis,
958 1244 1160 1287 omnibus

277 1319 405 1363 remis
438 1320 506 1370 92,
539 1320 578 1362 7.
612 1318 746 1362 sentis
778 1318 915 1362 credis
947 1318 1160 1374 intellegis

278 1394 374 1443 136,
427 1393 467 1436 5.
521 1406 617 1435 acre
670 1392 877 1449 putidum
931 1392 1159 1436 rancidum
1197 1379 1198 1390 ¹

277 1467 372 1518 155,
403 1468 470 1510 23.
500 1467 554 1520 ej.
585 1466 653 1517 25,
682 1468 722 1510 3.
753 1467 793 1510 8.
824 1467 893 1517 26,
924 1468 962 1509 1.
993 1467 1062 1517 27,
1092 1468 1158 1510 17.

279 1542 346 1591 29,
374 1541 414 1584 6.
443 1542 512 1591 39,
540 1541 579 1584 6.
608 1541 677 1591 68,
705 1540 745 1583 5.
774 1542 843 1592 72,
871 1541 937 1583 27.
967 1542 1034 1584 30.
1065 1541 1160 1591 108,

278 1615 345 1658 25.
378 1616 473 1666 164,
506 1616 572 1658 13.
606 1616 703 1666 183,
733 1615 774 1658 6.

276 1762 419 1805 soluta
462 1762 519 1805 sit
562 1764 656 1812 111,
691 1764 754 1805 11.
817 1761 1010 1805 attractio
1055 1762 1159 1805 <rela-

277 1924 390 1962 mus,
458 1911 670 1967 perducet
748 1911 804 1954 ad
872 1911 1003 1954 deum
1064 1912 1159 1961 139,

280 1987 345 2028 11.

221 2072 381 2115 auceps
436 2058 599 2101 transt:
657 2059 723 2110 28,
780 2060 818 2102 8.
875 2059 1160 2115 peritissimus

279 2132 561 2188 uoluptatum
594 2132 725 2188 (locus
756 2131 990 2188 Ciceronis)
1019 2133 1089 2184 57,
1120 2134 1159 2176 8.

222 2206 533 2249 auctoritatem
572 2205 709 2249 diuini
747 2205 995 2249 intellectus
1033 2206 1161 2250 decli-

278 2294 381 2324 nare
414 2281 481 2331 79,
513 2281 580 2324 22.

223 2367 332 2397 aueo
363 2354 512 2397 audire
546 2355 613 2405 10,
645 2356 711 2397 14.

223 2428 426 2484 augurari
457 2429 509 2471 de
540 2429 738 2471 muribus
770 2429 864 2479 127,
898 2429 964 2472 10.

224 2515 351 2544 aura:
386 2502 428 2544 in
462 2515 590 2544 auras
622 2516 747 2545 uerae
781 2502 997 2546 libertatis
1029 2516 1162 2546 emer-

281 2589 376 2632 gere
416 2577 457 2627 3,
498 2576 565 2619 16.
606 2589 734 2619 auras
773 2590 1001 2632 prosperas
1039 2590 1161 2620 orare

281 2651 348 2700 24,
373 2650 412 2693 9.
435 2663 564 2693 auras
586 2649 743 2693 liberas
766 2650 849 2693 tibi
871 2654 976 2706 opto
1001 2651 1070 2701 28,
1093 2651 1161 2694 26.

225 2722 375 2779 auriga
419 2724 756 2780 moderatorque
807 2724 1017 2767 sermonis
1063 2724 1134 2776 56,

284 2799 349 2839 14.

225 2870 361 2913 auris:
390 2871 544 2914 eduxit
568 2885 636 2914 me
665 2871 709 2914 in
735 2885 859 2915 aures
889 2872 983 2923 125,
1011 2874 1049 2915 7.

226 2944 451 3000 auspicato
482 2945 710 3001 procedere
758 2945 827 2997 56,
876 2948 913 2989 1.
962 2947 1015 3000 cs.
1070 2947 1162 2989 Ter.

282 3018 417 3060 Andr.
449 3018 545 3062 807.

226 3091 426 3133 auxiliari
457 3093 656 3148 partibus
687 3094 756 3144 38,
787 3094 826 3136 7.

226 3165 463 3208 auxiliator
494 3167 561 3216 22,
594 3168 659 3210 13.

230 3311 501 3355 Bacchantes
527 3312 595 3363 57,
624 3314 675 3356 20
702 3313 833 3368 (locus
859 3313 1107 3368 Ciceronis).

227 3385 457 3427 barbarus:
487 3386 638 3440 ⁴oratio
679 3387 866 3430 barbara
906 3389 1000 3448 178,
1041 3390 1108 3431 27.

1194 274 1198 297 1

2079 116 2175 168 199

1236 282 1416 325 beatum
1465 282 1530 338 (z
1571 282 1620 325 τὸ
1665 283 1929 339 μακάριον);
1980 283 2061 327 hoc
2109 288 2176 327 est

1290 355 1471 399 beatum
1502 355 1690 399 hominis
1722 358 1788 408 10,
1820 357 1873 400 26
1903 357 1975 414 (ej.
2008 356 2096 400 Cic.
2129 358 2176 400 de

1291 429 1372 483 siri.
1408 429 1448 472 V
1479 429 1565 485 84).
1600 431 1719 486 quod
1751 430 1795 473 b.
1828 444 1917 474 esse
1951 430 2065 475 inter
2095 445 2175 475 nos

1292 502 1499 546 conuenit
1530 505 1598 555 21,
1631 505 1697 548 10.

1196 597 1198 611 ι
1236 577 1346 620 belle
1388 581 1555 620 tectum
1596 581 1641 621 et
1679 578 1902 621 munitum
1944 580 2011 630 72,
2053 581 2120 623 13.

1236 652 1345 695 bene
1379 650 1632 695 dialecticos
1665 666 1839 696 mouere
1875 653 2175 708 quaestionem

1292 724 1589 782 prohibebant
1619 726 1688 777 78,
1721 727 1787 770 10.

1236 873 1445 916 blandus:
1472 873 1517 916 b.
1544 878 1718 917 amator
1742 878 1788 918 et
1812 878 1990 917 sanctus
2017 876 2084 926 27,
2112 876 2177 918 17.

1292 947 1335 990 b.
1368 947 1716 1004 'tranquillusque
1748 948 1839 992 dies
1870 949 1939 999 41,
1970 949 2009 993 9.

1238 1097 1398 1140 Cadere
1438 1097 1483 1139 in
1523 1097 1765 1153 sapientem
1806 1097 2045 1154 sapientiae
2085 1111 2178 1154 per-

1294 1171 1541 1228 ceptionem
1575 1172 1643 1222 70,
1674 1171 1742 1216 30.

1237 1245 1513 1289 caducarius:
1536 1245 1755 1289 caducarii
1777 1249 1895 1297 sunt,
1918 1259 2027 1302 quos
2049 1245 2179 1288 comi-

1294 1318 1411 1362 tialis
1437 1320 1616 1363 morbus
1643 1319 1863 1362 subuertit
1892 1321 1987 1372 102,
2014 1320 2054 1363 6.
2085 1321 2179 1371 104,

1294 1394 1363 1437 29.

1238 1468 1435 1511 caedere:
1495 1481 1634 1511 sermo
1693 1467 1891 1510 caeditur
1948 1468 2021 1524 (ej.
2085 1468 2179 1510 Ter.

1294 1542 1450 1585 Heaut.
1482 1541 1584 1597 242)
1614 1541 1683 1593 35,
1715 1543 1782 1585 27.

1197 1634 1198 1639 ’
1239 1629 1431 1659 caesum:
1461 1630 1572 1672 quae
1599 1630 1724 1659 caesa
1749 1620 1794 1659 et
1817 1616 2015 1659 membra
2041 1615 2181 1659 nomi-

217 1688 441 1732 attractio:
499 1689 596 1731 uide
654 1687 953 1744 quaestionem
1010 1692 1159 1731 utrum
1196 1738 1199 1752 ι

1292 1693 1404 1732 nant
1436 1691 1531 1741 175,
1564 1691 1631 1733 17.

1197 1801 1199 1831 4
1237 1763 1475 1807 calumnia:
1501 1763 1742 1807 calumnias
1764 1765 1816 1808 de
1832 1764 1975 1807 uerbis
1990 1777 2180 1807 commo-

279 1836 387 1879 tiui:
440 1837 545 1879 ordo
586 1840 668 1887 est,
715 1850 845 1893 quem
893 1836 928 1879 si
972 1836 1160 1880 tenueri·
1197 1839 1199 1895 [

1197 1924 1199 1963 ξ
1238 1926 1417 1968 campus
1479 1912 1643 1956 transl..-

1291 1852 1391 1881 uere
1425 1840 1493 1889 42,
1528 1840 1592 1881 17.
1627 1853 1662 1881 c.
1700 1839 1865 1881 Graeca
1896 1839 1965 1889 66,
1999 1839 2067 1881 27.

1705 1926 1759 1956 ne
1821 1912 1866 1955 in
1928 1911 2180 1969 principalis

1294 1986 1562 2043 quaestionis
1594 1987 1760 2044 campis
1789 1987 2011 2043 equitaret
2040 1986 2180 2029 oratio

1294 2061 1363 2111 48,
1404 2063 1470 2105 14.
1511 2074 1688 2117 campos
1729 2060 1935 2104 scientiae
1976 2062 2071 2111 184,
2114 2062 2181 2103 17.

1239 2134 1421 2177 canalis:
1457 2134 1631 2191 ligneoli
1666 2134 1837 2178 canales
1871 2136 1966 2186 128,
2001 2137 2067 2178 22.

1239 2222 1390 2251 canere
1423 2222 1598 2251 uersum
1632 2210 1700 2260 17,
1732 2209 1800 2252 15.

1240 2296 1443 2325 canorus:
1494 2282 1563 2333 50,
1613 2284 1680 2326 22.
1730 2283 1847 2339 quod
1895 2283 2179 2339 percutiendo

1296 2370 1504 2399 canorum
1537 2360 1651 2400 esset
1682 2356 1779 2408 175,
1810 2357 1851 2400 8.

1240 2430 1446 2487 capitalia
1473 2430 1516 2473 in
1543 2430 1650 2474 istos
1675 2435 1891 2474 uenerunt
1916 2430 1960 2473 in
1986 2434 2179 2474 mentem

1298 2506 1366 2555 73,
1398 2505 1465 2548 15.

1240 2579 1530 2635 captatorius:
1576 2579 1752 2622 uafrum
1784 2571 1840 2622 ¹et
1884 2578 2180 2635 captatorium

1297 2653 1392 2703 128,
1423 2653 1464 2696 5.

1241 2726 1460 2783 captiosae
1506 2730 1639 2783 atque
1687 2727 1863 2770 fallaces
1909 2726 2180 2774 ratiunculae

1296 2801 1366 2851 69,
1396 2800 1438 2843 5.

1241 2874 1442 2930 captiuus
1463 2875 1628 2917 transt.-
1651 2879 1701 2917 ut
1722 2879 1764 2918 te
1786 2879 1912 2930 optes
1933 2888 2022 2917 esse
2044 2873 2181 2930 capti-

1296 2962 1402 2991 uum
1426 2949 1495 2999 36,
1521 2948 1586 2991 15.
1612 2962 1648 2991 c.
1673 2949 1832 2991 debeor
1857 2948 1946 2991 iure
1971 2947 2180 2990 uictoriae

1297 3023 1365 3072 42,
1396 3024 1465 3066 30.
1497 3022 1566 3072 56,
1599 3023 1639 3065 7.

1242 3100 1376 3152 caput
1408 3117 1450 3130 =
1485 3095 1692 3138 initium:
1721 3096 1777 3138 ad
1806 3099 1940 3151 caput
1967 3108 2181 3138 recurrere

1298 3170 1366 3219 21,
1399 3171 1465 3212 27.

1242 3243 1480 3286 castissime
1515 3242 1730 3299 perlegere
1766 3242 2035 3298 (apostolum
2072 3242 2182 3284 Pau-

1297 3315 1409 3371 lum)
1440 3317 1509 3367 27,
1540 3317 1580 3359 9.

1243 3403 1377 3432 cauea
1407 3389 1631 3446 popularis
1662 3390 1730 3440 28,
1762 3391 1801 3432 7.
