2398 3724
145 1044 193 1081 10

142 1450 191 1486 15

140 1857 190 1893 2⁰

140 2275 189 2311 25

1048 132 1067 175 1
1109 135 1146 181 1,
1191 132 1308 180 1-2‚
1350 135 1373 176 4
2086 122 2178 175 123

230 284 499 336 recedendi
530 301 560 336 a
590 284 820 336 sensibus
852 289 903 336 et
934 284 1166 336 animum
1196 284 1249 336 in
1279 301 1329 336 se
1360 284 1528 352 ipsum
1558 283 1830 353 colligendi
1859 289 2015 352 atque
2046 285 2099 336 in
2129 303 2179 337 se

230 366 340 433 ipso
364 365 633 417 retinendi.
656 366 793 433 quod
820 364 872 417 hi
897 370 1106 417 tantum
1132 366 1460 428 adsecuntur,
1477 365 1566 433 qui
1591 364 1767 434 plagas
1794 367 2048 434 quasdam
2074 367 2180 434 opi-

231 446 460 510 nionum,
487 462 615 514 quas
641 447 778 498 uitae
804 446 1094 498 cotidianae
1118 462 1293 498 cursus
1318 445 1524 515 infligit,
1551 451 1641 498 aut
1667 446 1942 499 solitudine
1966 447 2179 499 inurunt

231 532 322 579 aut
357 525 654 579 liberalibus
691 527 952 579 medicant
987 527 1282 595 disciplinis

363 621 431 675 II.
463 622 547 674 Ita
573 623 709 674 enim
737 622 833 674 sibi
859 623 1061 675 animus
1088 622 1336 686 redditus,
1367 638 1498 690 quae
1525 622 1591 674 sit
1620 621 1949 690 pulchritudo
1977 623 2179 674 uniuer-

230 703 416 767 sitatis,
445 703 712 773 intellegit,
744 719 875 771 quae
905 708 1134 771 protecto
1164 703 1229 755 ab
1260 720 1361 755 uno
1390 704 1752 772 cognominata
1783 708 1860 756 est
1888 704 2177 772 idcircoque

230 784 370 836 illam
400 785 572 836 uidere
602 801 704 836 non
734 785 851 836 lieet
882 785 1101 848 animae,
1134 801 1265 852 quae
1298 784 1351 836 in
1386 784 1551 836 multa
1586 785 1816 853 procedit
1848 789 2178 853 sectaturque

231 865 482 918 auiditate
524 866 838 934 pauperiem,
884 881 1042 934 quam
1084 866 1245 918 nescit
1288 865 1396 918 sola
1437 866 1787 935 segregatione
1829 865 2178 918 multitudinis

230 963 376 1015 posse
404 947 575 999 uitari.
624 947 1013 999 multitudinem
1041 951 1217 999 autem
1245 963 1347 999 non
1375 946 1643 999 hominum
1671 947 1784 999 dieo
1813 947 1901 999 sed
1931 947 2176 1009 omnium,

230 1044 360 1096 quae
387 1044 562 1080 sensus
590 1029 818 1096 attingit.
867 1045 957 1080 nec
985 1029 1182 1090 mirere,
1210 1029 1348 1096 quod
1377 1045 1434 1080 eo
1462 1033 1745 1097 egestatem
1771 1028 1971 1096 patitur
1998 1028 2176 1097 magiS,

230 1125 331 1177 quo
361 1109 524 1178 magis
555 1110 756 1177 appetit>
786 1108 931 1177 plura
963 1109 1231 1177 conplecti.
1283 1114 1341 1160 ut
1372 1109 1509 1161 enim
1539 1110 1592 1161 in
1621 1108 1809 1161 circulo
1841 1110 2177 1177 quantumuis

228 1189 400 1258 amplo
429 1207 591 1242 unum
621 1196 697 1242 est
728 1191 970 1253 medium,
1014 1207 1115 1259 quo
1156 1195 1344 1242 cuncta
1383 1195 1721 1259 conuergunt,
1754 1191 1892 1258 quod
1940 1195 2173 1259 κέντρον

225 1276 516 1340 geometrae
540 1277 748 1334 uocant,
765 1277 816 1323 et
840 1272 1077 1340 quamuis
1100 1272 1261 1323 totius
1285 1271 1512 1324 ambitus
1536 1277 1709 1340 partes
1732 1270 2177 1323 innumerabiliter

228 1352 386 1404 secari
415 1357 626 1420 queant,
652 1352 780 1404 nihil
806 1359 984 1405 tamen
1013 1357 1090 1405 est
1118 1358 1322 1420 praeter
1350 1351 1476 1404 illud
1506 1370 1683 1416 unum,
1715 1369 1816 1421 quo
1845 1357 2014 1404 cetera
2044 1353 2177 1420 pari-

228 1433 342 1485 liter
373 1434 711 1485 dimetiantur
743 1440 794 1485 et
827 1435 965 1502 quod
999 1434 1234 1486 omnibus
1268 1434 1416 1501 quasi
1448 1435 1674 1502 quodam
1707 1433 2038 1501 aequalitatis
2070 1434 2176 1485 iure

227 1515 535 1577 dominetur,
565 1515 683 1566 hinc
716 1532 835 1567 uero
865 1516 916 1567 in
947 1515 1233 1584 quamlibet
1262 1519 1465 1582 partem
1495 1516 1536 1568 si
1565 1516 1734 1585 egredi
1764 1514 1907 1578 uelis,
1938 1531 1996 1567 eo
2026 1515 2177 1566 amit-

227 1601 410 1647 tuntur
443 1596 631 1659 omnia,
666 1613 767 1664 quo
799 1597 851 1647 in
883 1596 1101 1664 plurima
1134 1597 1379 1665 pergitur,
1413 1596 1481 1648 sic
1514 1597 1717 1648 animus
1751 1613 1782 1648 a
1811 1612 1862 1648 se
1894 1596 1999 1664 ipse
2033 1595 2175 1648 fusus

226 1677 555 1729 inmensitate
599 1678 825 1746 quadam
869 1678 1225 1730 diuerberatur
1267 1682 1320 1729 et
1363 1694 1481 1729 uera
1513 1677 1846 1730 mendicitate
1874 1678 2174 1739 conteritur,

226 1775 343 1809 cum
371 1775 487 1810 eum
517 1764 701 1810 natura
734 1776 823 1812 sua
855 1760 990 1828 cogit
1022 1759 1211 1827 ubique
1243 1775 1403 1810 unum
1435 1775 1677 1827 quaerere
1708 1765 1758 1810 et
1790 1757 2072 1811 multitudo
2102 1759 2176 1809 in-

227 1839 400 1891 uenire
436 1855 539 1891 non
575 1840 714 1891 sinit.

357 1937 402 1987 4.
433 1934 531 1988 Sed
557 1940 608 1987 et
633 1935 774 1999 haee,
797 1952 927 2003 quae
947 1936 1069 1998 dixi,
1098 1935 1271 2003 qualia
1293 1935 1397 1987 sint
1423 1941 1474 1987 et
1497 1952 1628 2003 quae
1651 1952 1805 1987 causa
1829 1939 1972 1987 extet
1994 1935 2173 1986 erroris

226 2016 516 2067 animarum
546 2032 749 2084 quoque
780 2017 931 2069 modo
961 2022 1013 2069 et
1042 2017 1092 2068 in
1122 2034 1283 2068 unum
1311 2023 1598 2086 congruant
1629 2023 1786 2085 atque
1816 2015 2042 2084 perfecta
2071 2016 2175 2068 sint

226 2101 414 2148 cuncta
457 2102 508 2148 et
552 2102 729 2149 tamen
776 2103 987 2165 peccata
1030 2098 1274 2166 fugienda
1318 2098 1438 2160 sint,
1481 2098 1765 2166 assequeris
1810 2096 2059 2165 profecto,
2106 2097 2176 2148 mi

227 2177 416 2230 Zenobi
440 2206 506 2212 —
527 2178 595 2230 sic
621 2179 756 2230 enim
782 2179 907 2230 mihi
932 2184 1113 2231 notum
1138 2184 1215 2231 est
1239 2179 1502 2248 ingenium
1527 2184 1676 2230 tuum
1702 2184 1753 2230 et
1778 2178 2173 2246 pulchritudinis

228 2260 551 2311 omnimodae
601 2265 802 2311 amator
857 2261 1058 2312 animus
1113 2261 1220 2312 sine
1273 2259 1498 2312 libidinis
1552 2260 1962 2312 inmoderatione
2017 2264 2174 2327 atque

226 2340 475 2403 sordibus,
492 2342 630 2408 quod
650 2342 851 2410 signum
874 2342 925 2392 in
943 2346 993 2393 te
1021 2341 1225 2393 futurae
1252 2342 1533 2409 sapientiae
1556 2341 1848 2409 perniciosis
1874 2340 2174 2408 cupiditati-

226 2420 319 2473 bus
352 2422 526 2474 diuino
558 2422 663 2473 iure
696 2423 1011 2490 praescribit,
1055 2439 1117 2474 ne
1148 2428 1295 2474 tuam
1337 2439 1545 2475 causam
1588 2423 1790 2474 deseras
1823 2420 1961 2473 falsis
1994 2421 2173 2488 uolup-

348 2633 365 2673 1
390 2631 443 2675 cf.
471 2631 665 2675 Retraet.
693 2630 770 2682 13,
794 2633 819 2675 3
931 2634 981 2676 12
1007 2631 1060 2676 cf.
1086 2631 1172 2676 Cic.
1197 2633 1319 2675 Tuse.
1350 2633 1366 2673 Ι
1393 2634 1443 2675 40

346 2771 369 2813 2
390 2769 451 2812 hii
472 2770 555 2813 AT
663 2779 918 2813 assecuntur
940 2773 993 2815 M
1020 2774 1316 2826 assequuntur
1338 2770 1418 2813 AT
1543 2771 1568 2814 3
1589 2783 1696 2827 quos
1720 2771 1827 2813 Am]
1944 2767 2039 2824 aut]
2062 2772 2112 2813 ut
2138 2770 2172 2812 P

225 2844 250 2885 5
272 2844 441 2887 animus
464 2842 545 2887 sibi
567 2843 654 2886 edd.
768 2849 789 2889 7
816 2844 952 2887 uideri
976 2846 1014 2888 A
1123 2845 1174 2888 10
1196 2843 1353 2888 mirare
1380 2845 1484 2889 Tml
1593 2843 1729 2901 quod]
1751 2857 1838 2900 quo
1864 2846 1900 2888 T
2009 2842 2059 2885 11
2081 2857 2172 2887 am-

228 2917 410 2973 plectiA
519 2919 570 2961 12
591 2917 862 2974 amplo—est
883 2920 1007 2963 0m.A
1129 2919 1326 2971 κέντρον
1347 2918 1502 2974 scripsi
1521 2922 1702 2962 centron
1722 2918 1835 2962 codd.
1857 2928 2058 2963 centrum
2082 2917 2168 2959 edd.

229 2992 278 3033 13
299 2988 561 3046 geometrae]
583 2992 890 3036 mathematici
912 2991 993 3035 AT
1087 3007 1210 3050 pares
1232 2993 1340 3037 Am]
1442 2994 1493 3035 15
1514 2993 1812 3037 demetiantur
1831 2992 1918 3035 HT
2008 2990 2058 3033 16
2080 3004 2171 3033 am·

227 3064 465 3107 mittuntur
489 3064 525 3106 T
653 3066 702 3107 17
726 3066 818 3121 ipso
840 3067 879 3109 A
903 3066 989 3109 edd.
1122 3067 1173 3110 18
1191 3065 1235 3110 in
1257 3066 1555 3110 immensitate
1576 3066 1628 3109 M
1763 3065 2037 3108 conuertitur
2058 3063 2170 3108 Hm?

227 3139 276 3181 in
295 3152 372 3194 mq.
388 3140 441 3182 M
534 3138 586 3181 19
607 3151 701 3181 eam
724 3141 834 3183 Aml
927 3140 977 3185 21
1001 3139 1091 3184 sint
1113 3139 1150 3192 (t
1169 3139 1236 3184 m?
1251 3141 1300 3183 m
1312 3142 1415 3194 ras.)
1442 3142 1479 3184 T
1498 3143 1601 3183 sunt
1626 3140 1733 3183 Am]
1824 3136 1897 3181 alt.
1922 3142 1968 3180 et
1987 3137 2170 3181 omHM

228 3214 349 3254 extet
369 3211 540 3269 erroris]
561 3214 793 3256 exterretis
814 3214 899 3255 ΗΡ
931 3215 1049 3257 exiet
1070 3211 1223 3256 erroris
1244 3216 1353 3258 Am]
1388 3216 1523 3257 exuat
1544 3226 1706 3256 errores
1726 3211 1833 3256 Am?
1999 3213 2051 3256 22
2071 3222 2172 3253 con-

228 3290 390 3339 gruant
411 3287 587 3341 (gruant
606 3283 673 3330 ΜΞ
690 3288 733 3329 in
750 3290 848 3339 ras.)
880 3286 915 3327 T
936 3289 1182 3343 congruunt
1204 3289 1310 3331 Am]
1378 3289 1428 3331 23
1449 3284 1626 3341 cuncta]
1647 3284 1882 3329 coniuncta
1903 3285 1940 3327 A
2005 3284 2057 3329 25
2078 3284 2171 3327 libi-

228 3358 329 3402 dine
352 3359 457 3402 PmI
570 3359 621 3402 26
645 3360 892 3416 pernitiosis
913 3362 997 3404 AT
1017 3371 1023 3379 ·
1108 3363 1159 3405 :27
1184 3359 1439 3418 praescribis
1464 3362 1499 3403 A
