2398 3724
223 179 323 231 208

227 347 470 391 inuoluere:
501 348 620 404 quod
648 360 672 389 a
702 359 770 390 me
799 346 1051 390 inuolutum
1079 350 1175 390 erat

285 421 382 474 154,
415 423 481 466 14.

227 496 444 541 inuolutio
464 518 507 532 =
525 496 771 539 obscurum:
809 495 1025 552 quidquid
1050 496 1173 539 inuo-

281 570 464 615 lutionis
499 575 613 614 esset
648 571 851 628 expedire
888 572 958 621 33,
987 571 1027 613 6.

226 645 472 690 inuolutus:
494 645 550 688 ab
571 644 905 689 inuolutissimis
925 644 1051 687 malis
1070 643 1174 687 libe·

282 734 376 764 rare
410 720 507 771 157,
539 722 607 763 14.

227 795 395 839 inurere
440 794 591 851 plagas
634 794 892 851 opinionum
937 793 1173 838 solitudine

286 871 381 922 123,
412 871 453 914 3.

227 944 324 989 istic
362 958 459 988 sum
503 965 546 978 =
589 943 779 988 ausculto
817 944 890 1000 (cs.
935 943 1030 986 Ter.
1070 942 1173 985 Hec.

285 1020 386 1076 114)
419 1020 487 1071 10,
519 1021 586 1064 13.
619 1020 689 1070 20,
722 1021 789 1062 14.

230 1094 359 1138 istinc
390 1108 566 1138 securus
598 1094 654 1137 sis
685 1095 756 1143 30,
788 1094 854 1136 27.

230 1169 344 1213 istuc
366 1169 503 1226 (istud
524 1168 573 1211 in
594 1167 662 1211 his
683 1166 804 1211 libris
823 1167 906 1211 uix
926 1165 1147 1210 inuenitur
1162 1181 1179 1221 ,-

284 1243 402 1299 apud
436 1242 677 1286 Terentium
706 1242 819 1285 istuc
848 1241 1177 1285 usitatissimum

287 1319 363 1374 est)
394 1319 464 1368 37,
498 1319 564 1361 24.
598 1317 667 1368 52,
702 1318 768 1362 28.
802 1317 871 1369 54,
906 1317 972 1361 18.
1007 1317 1075 1368 72,
1109 1317 1175 1360 12.

290 1394 385 1444 140,
417 1394 484 1437 20.

231 1468 294 1511 ita
331 1489 373 1502 z
411 1470 658 1523 propterea:
692 1468 812 1524 quod
845 1471 895 1510 ut
929 1466 1080 1517 faciat,
1115 1465 1178 1508 ita

287 1547 419 1586 natus
451 1546 517 1587 est
550 1544 618 1594 11,
650 1544 690 1586 2.

229 1618 311 1662 iter
342 1617 508 1662 transls
543 1617 699 1660 itinera
734 1615 940 1660 scientiae
977 1616 1072 1666 184,
1109 1614 1176 1658 16.

231 1692 376 1736 iubar:
403 1693 486 1736 hoc
514 1692 539 1734 i.
567 1691 632 1735 sol
656 1691 852 1735 infundit
879 1690 974 1741 115,
1000 1691 1039 1734 6.

232 1767 378 1811 iubere
432 1781 467 1810 c.
519 1767 630 1810 dat..·
674 1771 726 1810 ut
775 1767 881 1809 haec
934 1766 974 1809 ei
1027 1765 1178 1808 iubeat

288 1844 385 1892 149,
427 1843 467 1884 6.
509 1868 561 1872 —
600 1841 746 1884 iubere
782 1844 853 1883 ut:
910 1839 946 1882 si
981 1838 1178 1882 medicus

293 1916 427 1967 illam,
459 1921 507 1958 ut
542 1915 765 1963 olfaceret,
806 1914 978 1957 iusserit
1010 1914 1105 1964 170,
1136 1912 1177 1955 5.

233 1992 384 2047 iugum
416 1989 698 2033 auctoritatis
728 1993 930 2033 excutere
963 1990 1031 2039 10,
1065 1989 1129 2031 11.

232 2067 372 2110 iurare
400 2066 451 2108 de
481 2063 553 2108 illa
580 2066 676 2116 184,
704 2065 769 2108 13.

235 2141 444 2198 iurgium:
483 2140 510 2182 i.
537 2140 726 2183 Tuscum
752 2139 822 2190 51,
847 2140 915 2182 24.
940 2152 1017 2196 per
1040 2136 1179 2194 iurgia

289 2214 605 2272 patrimonium
634 2214 845 2271 dissipare
874 2214 944 2265 63,
973 2214 1040 2257 24.

235 2291 319 2334 ius:
350 2290 415 2333 sui
445 2290 547 2332 iuris
577 2294 618 2333 te
647 2303 737 2332 esse
765 2287 1041 2345 proclamans
1069 2288 1110 2337 3,
1138 2287 1178 2329 6.

290 2380 355 2408 res
380 2364 464 2408 mei
489 2363 592 2406 iuris
616 2367 682 2406 est
707 2364 747 2413 9,
774 2364 838 2406 19.
865 2363 916 2405 de
942 2362 1031 2405 iure
1056 2374 1179 2417 prae-

292 2439 475 2483 scribere
507 2440 576 2489 31,
610 2439 675 2481 12.

236 2513 470 2557 iuuenalis:
513 2512 736 2556 iuuenales
770 2511 1012 2556 inlecebrae
1045 2509 1086 2562 5,
1112 2509 1178 2553 28.

290 2588 447 2633 leuitas
479 2589 548 2639 43,
579 2589 618 2631 4.

236 2663 457 2706 iuuentas:
487 2662 603 2705 intra
629 2662 904 2705 iuuentatem
932 2661 1027 2712 164,
1053 2661 1122 2704 31.

236 2812 522 2855 Labefactare
556 2810 864 2854 definitionem
897 2809 966 2859 22,
999 2809 1067 2851 13.

238 2887 356 2930 labes
387 2886 578 2942 corporis
612 2886 678 2932 12,
710 2885 778 2927 20.
812 2884 907 2934 178,
941 2883 1008 2926 16.

238 2960 432 3004 labentia
464 2960 508 3002 in
543 2961 767 3002 Oceanum
801 2961 921 3001 astra
954 2958 1023 3007 91,
1059 2956 1124 2999 18.

238 3035 428 3078 lambere
462 3035 558 3085 100,
592 3035 658 3077 12.

239 3109 489 3166 languidus:
523 3108 731 3165 languido
764 3105 1000 3163 temperari
1025 3104 1183 3148 solium

299 3185 394 3235 170,
424 3185 466 3228 3.

241 3258 435 3315 lapillus:
473 3257 721 3314 lapillorum
758 3256 948 3300 uarietas
986 3255 1081 3304 122,
1117 3253 1184 3296 21.

242 3333 431 3390 lapsare:
500 3331 683 3375 rationis
742 3331 941 3387 lapsante
1001 3327 1184 3383 uestigio

298 3410 341 3459 4,
372 3407 413 3450 5.

244 3481 389 3538 laquei
420 3481 648 3538 superbiae
682 3481 749 3524 38.
784 3481 848 3523 13.
1232 3477 1237 3541 Ι

759 183 842 226 III.
886 182 1025 226 Index
1065 182 1300 227 uerborum
1338 187 1384 226 et
1423 183 1708 227 locutionum.

1265 346 1381 403 large
1436 345 1610 404 lateque
1664 347 1912 392 diffundere
1966 349 2210 394 orationem

1322 422 1392 473 63,
1425 421 1492 465 15.

1267 494 1503 539 latibulum
1535 497 1605 547 63,
1638 498 1677 540 1.

1268 569 1444 613 latitare
1475 571 1546 622 32,
1579 571 1646 614 12.

1267 645 1437 688 lautus:
1459 644 1579 688 laute
1601 645 1824 689 succincta
1843 645 2059 690 industria
2082 646 2213 690 Grae-

1324 733 1374 763 ca
1400 720 1470 771 62,
1498 721 1565 763 24.
1594 719 1758 764 lautius
1784 721 2020 777 prandium
2048 721 2117 773 96,
2146 722 2213 765 10.

1268 793 1408 837 laxari
1425 794 1469 837 in
1488 794 1710 851 profunda
1723 795 1841 851 (opp.
1854 808 2029 838 sursum
2046 796 2216 852 uocari)

1327 871 1422 920 141,
1456 870 1522 913 16.

1268 943 1529 987 lectissimus
1547 948 1756 1000 pensator
1774 944 2009 988 uerborum
2031 946 2127 995 112,
2148 945 2215 988 16.

1268 1017 1526 1062 lenocinari:
1579 1017 1856 1062 lenocinante
1901 1019 2097 1062 mercede
2145 1018 2216 1070 57,

1328 1094 1394 1137 13.

1269 1167 1390 1224 lepos
1421 1167 1632 1211 sermonis
1662 1168 1732 1219 80,
1764 1169 1832 1211 27.

1270 1242 1360 1286 lex:
1406 1243 1647 1286 secundum
1691 1242 1829 1300 legem
1872 1243 2032 1287 mentis
2076 1242 2215 1286 uitam

1327 1317 1569 1374 gubernare
1603 1319 1671 1368 21,
1704 1318 1771 1361 28.

1271 1391 1447 1435 liberari
1496 1405 1636 1435 errore
1686 1392 1726 1441 9,
1755 1393 1794 1435 3.
1827 1391 2215 1447 grammaticorum

1328 1465 1563 1509 formidine
1597 1466 1692 1516 112,
1724 1466 1789 1509 18.

1273 1540 1481 1585 liberator
1511 1540 1716 1583 dominus
1748 1539 1844 1592 115,
1876 1540 1943 1584 28.

1271 1615 1398 1659 libet:
1427 1614 1533 1658 illud
1557 1614 1760 1658 auditum
1786 1614 1893 1659 libet
1915 1619 2048 1671 atque
2080 1614 2221 1658 inlicit

1329 1691 1426 1742 171,
1457 1691 1526 1734 30.

1271 1765 1448 1809 librare:
1475 1779 1562 1821 quo
1588 1779 1677 1808 sese
1702 1764 1875 1806 animus
1902 1763 2033 1806 librat
2060 1766 2155 1813 114,
2179 1766 2220 1806 4.

1273 1839 1448 1896 ligneoli
1479 1838 1653 1881 canales
1686 1838 1781 1887 128,
1814 1838 1881 1881 22.

1273 1913 1467 1970 ligurrire
1497 1913 1566 1963 66,
1596 1913 1662 1956 28.
1693 1913 1761 1963 99,
1792 1913 1860 1955 17.
1891 1912 1987 1963 170,
2018 1911 2084 1955 15.

1273 1988 1415 2031 limes:
1456 1987 1538 2030 hoc
1578 1986 1716 2030 limite
1755 1986 1960 2030 uniuersa
1998 1985 2224 2029 concludis

1329 2063 1399 2113 48,
1430 2063 1499 2106 30.

1272 2137 1448 2195 lippire:
1483 2136 1770 2194 lippientibus
1801 2136 1938 2180 oculis
1971 2137 2066 2186 141,
2098 2136 2137 2180 9.

1273 2213 1508 2270 liquescere
1541 2211 1610 2262 95,
1642 2212 1711 2254 28.

1274 2287 1415 2343 liquet
1444 2286 1636 2328 deierare
1666 2299 1743 2341 per
1769 2297 1897 2328 omne
1926 2284 2125 2328 diuinum
2154 2285 2223 2334 74,

1332 2361 1383 2404 19
1415 2360 1488 2415 (cs.
1526 2359 1620 2402 Ter.
1654 2359 1768 2401 Eun.
1801 2358 1917 2414 331).

1274 2434 1438 2491 liquide
1471 2438 1605 2490 atque
1638 2447 1744 2490 pure
1779 2447 1931 2476 sonare
1967 2434 2063 2484 171,
2099 2436 2136 2476 1.

1275 2509 1344 2553 lis:
1379 2509 1734 2565 importunarum
1769 2507 1914 2550 litium
1946 2507 2123 2551 uincula
2156 2506 2223 2554 26,

1332 2586 1398 2629 13.
1432 2583 1584 2627 litibus
1614 2582 1764 2626 omnia
1793 2582 2048 2639 perturbare
2081 2583 2151 2632 74,
2181 2580 2222 2622 9.

1275 2659 1513 2716 litigiosum
1548 2656 1745 2701 tribunal
1772 2656 1843 2708 59,
1874 2657 1943 2700 21.

1274 2733 1507 2777 litteratio:
1550 2746 1683 2788 quam
1726 2733 1864 2776 Uarro
1906 2730 2221 2775 litterationem

1331 2807 1529 2865 appellat
1562 2808 1657 2858 172,
1690 2808 1758 2849 27.

1274 2882 1458 2926 locutio:
1510 2880 1745 2924 locutionis
1794 2885 1838 2924 et
1890 2880 2062 2937 linguae
2113 2875 2221 2920 uitio

1333 2970 1475 3000 carere
1509 2955 1606 3005 178,
1640 2956 1706 2997 19.

1274 3022 1396 3087 loqui
1429 3030 1551 3086 signa
1584 3029 1833 3071 futurorum
1867 3030 1936 3078 24,
1968 3029 2035 3071 26.

1276 3105 1411 3149 lucidi
1442 3117 1583 3147 mores
1617 3103 1712 3153 156,
1744 3103 1812 3145 27.

1278 3179 1548 3223 lucubratio:
1579 3175 1926 3221 adulescentium
1957 3172 2225 3217 lucubratio-

1334 3254 1465 3296 nibus
1498 3253 1594 3304 125,
1628 3254 1666 3295 1.
1723 3248 2041 3294 lucubrationis
2096 3260 2225 3303 opus-

1337 3328 1434 3371 cula
1468 3329 1564 3379 138,
1595 3327 1664 3370 25.

1281 3401 1515 3444 luculentis
1538 3402 1582 3443 in
1604 3402 1715 3443 ‘nanc
1741 3398 2003 3443 sententiam
2029 3395 2223 3440 uersibus

1338 3476 1477 3518 dicere
1513 3475 1607 3524 185,
1642 3477 1708 3517 11.
