2398 3724
982 188 1000 229 Ι
1042 189 1106 234 11,
1147 186 1306 229 32-11
1350 185 1385 233 1,
1427 185 1451 227 2
2093 173 2185 225 145

883 603 1101 657 LIBER
1155 601 1536 656 SECUNDUS.

364 731 400 782 Ι.
457 732 498 782 1.
552 729 876 796 Interpositis
929 728 1113 779 deinde
1162 726 1394 795 pauculis
1447 725 1626 778 diebus
1675 726 1819 777 uenit
1869 725 2083 794 Alypius
2135 731 2186 779 et

231 811 406 863 exorto
441 810 541 863 sole
572 810 852 862 clarissimo
882 809 1130 860 inuitauit
1160 808 1287 862 caeli
1317 808 1454 859 nitor
1476 812 1544 870 et,
1568 813 1824 875 quantum
1854 808 1907 858 in
1936 807 2033 859 illis
2064 807 2186 860 locis

229 894 393 944 hieme
422 896 646 960 poterat,
666 890 859 943 blanda
887 890 1160 958 temperies
1187 889 1240 940 in
1262 894 1471 957 pratum
1500 889 1823 951 descendere,
1853 904 1955 956 quo
1984 889 2186 956 saepius

174 993 192 1026 τ,
232 980 282 1026 et
315 973 618 1025 familiarius
651 971 943 1024 utebamur.
979 970 1246 1022 nobiscum
1279 975 1391 1022 erat
1424 970 1583 1022 etiam
1615 974 1782 1021 mater
1814 974 2008 1032 nostra,
2042 970 2185 1022 cuius

230 1055 489 1123 ingenium
530 1058 686 1122 atque
726 1053 777 1103 in
815 1069 894 1104 res
933 1052 1136 1104 diuinas
1174 1051 1562 1103 inflammatum
1602 1051 1833 1102 animum
1873 1067 1990 1102 cum
2030 1055 2186 1103 antea

229 1136 468 1188 conuictu
495 1134 739 1186 diuturno
766 1138 817 1185 et
842 1133 1078 1202 diligenti
1101 1133 1511 1185 consideratione
1536 1148 1898 1200 perspexeram
1923 1136 2037 1183 tum
2062 1148 2184 1184 uero

230 1218 279 1268 in
313 1217 539 1284 quadam
571 1215 923 1284 disputatione
954 1230 1056 1266 non
1087 1230 1279 1282 paruae
1308 1214 1397 1276 rei,
1430 1230 1586 1281 quam
1618 1214 1698 1265 die
1729 1212 1894 1265 natali
1923 1229 2036 1265 meo
2067 1230 2184 1265 cum

229 1298 460 1350 conuiuis
502 1297 661 1348 habui
705 1301 861 1363 atque
903 1296 956 1347 in
998 1294 1227 1347 libellum
1269 1294 1483 1358 contuli,
1526 1299 1681 1347 tanta
1722 1294 1847 1346 mihi
1889 1311 2034 1346 mens
2078 1294 2184 1346 eius

148 1398 193 1433 10
231 1383 560 1447 apparuerat,
602 1383 662 1429 ut
702 1376 830 1428 nihil
871 1377 1043 1445 aptius
1084 1393 1235 1428 uerae
1276 1375 1628 1444 philosophiae
1669 1376 1945 1428 uideretur.
2007 1376 2184 1443 itaque

229 1460 574 1522 institueram,
615 1475 731 1510 cum
773 1458 1064 1510 abundaret
1105 1458 1227 1520 otio,
1268 1474 1431 1526 agere,
1456 1462 1515 1508 ut
1554 1456 1825 1525 conloquio
1866 1463 2041 1509 nostro
2081 1473 2185 1509 non

226 1542 443 1593 deesset.
483 1541 620 1614 quod
639 1539 759 1593 etin
777 1540 942 1608 primo
961 1539 1119 1591 etiam
1136 1539 1286 1590 huius
1306 1539 1470 1607 operis
1487 1538 1616 1590 libro
1636 1538 1726 1590 abs
1744 1544 1794 1589 te
1813 1538 2078 1606 cognitum
2096 1542 2189 1591 est.

361 1623 405 1674 2.
441 1621 568 1675 Cum
601 1621 756 1689 igitur
789 1626 1076 1672 memorato
1108 1618 1161 1671 in
1193 1617 1320 1682 loce,
1361 1624 1420 1671 ut
1452 1620 1719 1672 commode
1753 1619 2031 1687 potuimUS,
2066 1635 2184 1671 con-

230 1703 549 1765 sedissemUS,
572 1719 662 1771 ego
683 1701 780 1753 illis
802 1701 1002 1754 duobus
1024 1700 1463 1754 adulescentibus:
1495 1700 1743 1762 Quamuis
1764 1700 1926 1763 uobis,
1948 1700 2182 1768 inquam,

145 1803 192 1838 15
229 1783 597 1836 suscensuerim
642 1782 905 1852 pueriliter
950 1783 1012 1834 de
1057 1782 1257 1851 magnis
1301 1782 1452 1834 rebus
1499 1782 1789 1850 agentibuS,
1835 1786 2012 1833 tamen
2057 1781 2183 1834 mihi

233 1865 436 1916 uidetur
459 1881 562 1917 non
585 1865 692 1916 sine
718 1863 893 1916 ordine
916 1863 1142 1932 propitio
1165 1864 1260 1916 deo
1284 1864 1544 1926 accidisse,
1570 1864 1707 1931 quod
1730 1864 1782 1914 in
1806 1879 2054 1925 sermone,
2081 1879 2182 1931 quo

232 1963 320 1998 uos
358 1945 423 1998 ab
457 1946 559 1998 ista
593 1945 807 1997 leuitate
844 1945 1201 2008 detrahebam,
1238 1950 1444 2012 tempus
1480 1944 1555 1996 ita
1590 1949 1955 2011 consumptum
1993 1949 2086 2006 est,
2123 1948 2183 1995 ut

227 2044 306 2079 res
346 2031 499 2079 tanta
539 2027 600 2079 ad
644 2025 817 2095 Alypii
857 2027 1143 2078 aduentum
1183 2025 1348 2078 dilata
1387 2026 1641 2078 uideatur.
1702 2030 2018 2093 quapropter
2058 2041 2183 2093 quo-

231 2108 367 2159 niam
394 2108 440 2160 ei
466 2108 569 2160 iam
594 2108 952 2176 quaestionem
980 2107 1305 2159 notissimam
1333 2107 1428 2158 feci
1456 2112 1507 2163 et
1535 2110 1791 2174 quantum
1818 2107 1871 2158 in
1898 2123 1957 2158 ea
1984 2123 2183 2174 proces-

143 2207 192 2242 20
230 2189 440 2240 serimus
470 2189 686 2251 ostendi,
715 2194 996 2256 paratusne
1024 2205 1092 2250 eS‚
1123 2188 1338 2251 Licenti‚
1366 2205 1593 2252 causam,
1623 2204 1779 2256 quam
1808 2188 2091 2255 suscepisti,
2120 2203 2184 2239 ex

230 2268 313 2321 illa
343 2275 434 2321 tua
463 2268 764 2321 definitione
793 2268 1104 2321 defendere?
1136 2285 1258 2321 nam
1287 2269 1579 2321 meminisse
1608 2286 1688 2320 me
1719 2269 1939 2320 arbitror
1969 2274 2020 2320 te
2051 2269 2182 2320 ordi-

233 2367 348 2402 nem
376 2367 481 2402 esse
509 2350 713 2413 dixisse,
741 2366 830 2418 per
859 2366 1011 2418 quem
1039 2351 1163 2403 deus
1191 2356 1366 2419 ageret
1395 2347 1582 2403 omnia.
1612 2379 1677 2383 ——
1702 2350 1922 2402 Paratus
1949 2366 2079 2412 sum,
2107 2350 2181 2399 in-

230 2432 357 2498 quit,
394 2438 648 2498 qnantum
684 2431 846 2484 03100.
884 2460 947 2464 -
987 2431 1254 2493 Quomodo
1289 2448 1423 2500 ergo,
1457 2432 1689 2499 inquam,
1725 2432 1832 2499 agit
1867 2431 2040 2482 ordine
2077 2447 2181 2483 om-

232 2513 312 2563 nia
335 2512 496 2563 deus?
521 2514 678 2575 itane,
703 2518 760 2563 ut
783 2513 939 2565 etiam
970 2530 1020 2564 se
1049 2513 1224 2565 ordine
1252 2512 1411 2581 agat?
1443 2529 1509 2564 an
1537 2518 1739 2580 praeter
1767 2529 1882 2563 eum
1912 2512 2087 2563 ordine
2116 2511 2181 2563 ab

358 2688 368 2727 1
411 2673 567 2727 EXl'L
601 2685 849 2730 AURELII
884 2684 1212 2729 AUGUSTINI
1257 2685 1337 2727 DE
1372 2684 1601 2729 ORDINE
1651 2684 1834 2729 LIBER
1871 2685 1921 2726 Ἰ·
1960 2684 2181 2727 INCIPIT

233 2759 412 2802 LIBER
440 2760 510 2802 -ΙΙ-
535 2761 572 2802 Ρ
649 2759 897 2804 AURELII
918 2758 1249 2804 AUGUSTINI
1269 2759 1541 2803 EPISCOPI
1561 2758 1641 2802 DE
1665 2758 1893 2801 ORDINE
1916 2758 2100 2801 LIBER
2123 2757 2174 2798 -1-

235 2832 508 2876 EXPLICIT
533 2858 539 2863 -
572 2834 787 2876 INCIPIT
810 2833 992 2877 LIBER
1016 2833 1324 2878 SECUNDUS
1348 2835 1389 2877 H
1490 2833 1768 2876 EXPLICIT
1795 2831 1975 2875 LIBER
2007 2832 2062 2872 Ἰ·
2097 2830 2178 2874 DE

230 2905 457 2948 ORDINE
484 2930 489 2936 ·
518 2907 738 2949 INCIPIT
772 2907 955 2950 LIBER
991 2906 1298 2951 SECUNDUS
1333 2907 1411 2949 DE
1449 2907 1679 2950 ORDINE
1711 2908 1763 2949 M
1925 2903 2177 2949 AURELII

226 2978 553 3023 AUGI'STINI
573 2980 653 3023 DE
677 2979 906 3023 ORDINE
928 2970 1028 3023 LlB
1045 2981 1096 3022 ·I-
1115 2980 1374 3024 ***LIGIT-
1399 2980 1616 3023 INCIPIT
1638 2978 1908 3023 EIUSDEM
1930 2971 2027 3022 LIB
2064 2979 2107 3020 II
2144 2980 2180 3022 T

228 3051 506 3095 EXPLICIT
529 3053 709 3096 LIBER
733 3053 979 3097 PRIMUS·
1003 3054 1224 3097 INCIPIT
1248 3042 1386 3098 SCDS
1409 3053 1490 3096 DE
1512 3053 1742 3098 ORDINE
1757 3056 1796 3096 A
1883 3052 2123 3110 2alyppius
2142 3052 2179 3093 P

234 3128 252 3167 I
279 3124 433 3168 blande
447 3126 556 3170 Am]
647 3129 671 3169 ἵ)
695 3126 862 3181 nostra]
883 3140 978 3170 mea
996 3128 1104 3170 Am?
1126 3128 1188 3170 sl.
1283 3132 1305 3173 7
1325 3126 1438 3183 tum]
1460 3131 1509 3170 tu
1529 3130 1565 3172 T
1656 3129 1680 3171 8
1700 3128 1743 3170 in
1765 3126 1977 3183 quadam]
2001 3126 2176 3181 inquam

228 3202 378 3255 (quam
399 3201 474 3243 dcl.
501 3200 589 3256 ⁷122)
615 3202 652 3242 A
804 3201 828 3242 9
849 3201 1016 3245 conuiis
1039 3203 1081 3244 H
1237 3201 1287 3244 10
1308 3202 1557 3245 crederetur
1577 3203 1629 3245 M
1782 3202 1828 3242 11
1852 3200 2114 3243 instrueram
2139 3200 2175 3240 A

229 3272 502 3317 habundaret
532 3277 567 3318 T
678 3275 726 3318 12
748 3282 790 3318 et
812 3276 1136 3320 omAJlTedd.
1247 3275 1356 3318 libro
1376 3276 1512 3320 omn!
1625 3274 1674 3316 15
1697 3272 2014 3317 succensuerim
2038 3273 2176 3315 AJJT

229 3347 363 3401 magis
388 3348 492 3392 Pml
574 3348 625 3390 16
647 3349 784 3406 quod]
805 3362 893 3405 quo
920 3351 1021 3392 Tm]
1102 3351 1151 3394 17
1172 3348 1256 3392 isto
1279 3350 1384 3392 Am]
1466 3354 1639 3404 tenipus
1661 3349 1796 3392 ‹ml-„ll
1878 3348 1927 3390 18
1947 3345 2174 3402 alyppiil’

231 3420 362 3463 dilata
389 3422 632 3463 aduentum
656 3424 693 3464 A
799 3422 850 3465 19
872 3422 951 3464 feci
977 3420 1037 3476 et]
1060 3421 1189 3465 faciet
1212 3423 1253 3464 Η

323 3506 461 3541 LXIII.
489 3507 646 3550 August.
677 3508 692 3542 I
723 3518 808 3550 pars
838 3509 910 3543 111.
942 3510 1002 3544 ed.
1032 3509 1238 3543 Knoell.
2037 3509 2086 3551 10
