2398 3724
247 190 341 240 1⁵24
984 198 1065 241 III.
1119 197 1204 240 De
1256 197 1499 241 ordine

244 353 443 405 tatibus
481 352 719 414 inlectus,
760 367 863 419 qua
902 350 1348 418 praeuaricatione
1387 350 1515 401 nihil
1554 351 1756 418 turpius
1795 357 1848 402 et
1885 350 2218 418 periculosius

243 434 464 487 inueniri
495 439 669 502 potest
710 461 774 466 —
814 432 1100 500 assequeris
1132 449 1250 501 ergo
1281 432 1399 495 ista,
1431 432 1556 484 mihi
1588 433 1754 494 crede,
1786 449 1905 484 cum
1937 432 2215 485 eruditioni

244 534 453 586 operam
483 515 702 577 dederis,
733 531 838 582 qua
865 518 1117 583 purgatur
1145 520 1198 565 et
1226 513 1478 566 excolitur
1507 515 1713 566 animus
1742 513 1882 565 nullo
1911 514 2066 566 modo
2094 520 2217 566 ante

242 600 475 660 idoneus,
509 597 591 649 cui
623 597 804 649 diuina
836 596 1035 648 semina
1066 595 1484 648 committantur.
1521 597 1659 664 quod
1693 602 1867 647 totum
1899 595 2043 647 euius
2077 596 2217 648 modi

242 682 310 733 sit
347 687 398 733 et
436 697 591 748 quem
629 678 835 747 flagitet
874 678 1106 730 ordinem
1146 678 1337 746 quidue
1375 678 1620 730 studiosis
1657 683 1709 730 et
1747 677 1895 729 bonis
1929 678 2065 730 ratio
2103 694 2217 745 pro·
2252 697 2273 731 s»

240 763 423 815 mittat
451 761 762 830 qualemque
791 760 958 811 uitam
989 776 1081 811 nos
1115 759 1371 822 uiuamuS,
1402 760 1654 811 carissimi
1688 760 1780 818 tui,
1815 764 1866 810 et
1898 775 2051 827 quem
2085 758 2217 811 fruc-

241 851 353 897 tum
381 845 443 897 de
468 842 669 895 liberali
695 842 801 894 otio
825 858 1119 910 carpamuS,
1145 841 1197 892 hi
1223 846 1274 893 te
1300 841 1416 893 libri
1442 842 1586 904 satis,
1614 847 1672 913 ut
1699 842 1897 909 opinor,
1924 840 2216 893 edocebunt

241 927 448 979 nomine
475 932 567 977 tuo
595 924 743 977 nobis
771 940 930 992 quam
958 931 1137 975 nostra
1164 922 1517 975 elaboratione
1544 923 1813 985 dulciores,
1842 923 2146 991 praesertim
2175 923 2215 974 si

241 1016 292 1061 te
324 1009 377 1059 in
410 1009 578 1076 ipsum
614 1006 865 1068 ordinem,
899 1006 962 1058 de
997 1022 1099 1073 quo
1133 1006 1197 1057 ad
1233 1011 1284 1057 te
1321 1005 1504 1068 scribO,
1540 1005 1754 1058 meliora
1779 993 2213 1073 eligensinserere

241 1098 401 1158 atque
434 1095 680 1157 coaptare
721 1087 958 1140 uolueris,
2255 1106 2300 1140 ιο

372 1188 417 1238 5.
450 1186 584 1237 Nam
610 1202 729 1236 cum
756 1183 1012 1236 stomachi
1037 1182 1182 1235 dolor
1209 1183 1439 1235 schola-m
1466 1200 1547 1235 me
1573 1184 1805 1235 deserere
1830 1182 2096 1250 coegisset,
2125 1183 2213 1250 qui

238 1269 361 1330 iam,
398 1274 456 1319 ut
492 1268 604 1330 sciS,
641 1267 801 1319 etiam
837 1266 945 1318 sine
982 1264 1086 1317 ulla
1120 1264 1214 1317 tali
1249 1265 1558 1318 necessitate
1592 1265 1644 1316 in
1680 1264 2060 1333 philosophiam
2096 1281 2214 1316 con—

238 1351 413 1419 fugere
442 1349 709 1411 moliebar,
746 1349 927 1400 statim
962 1365 1043 1399 me
1078 1347 1277 1399 ctmtuli
1312 1347 1374 1399 ad
1414 1346 1592 1399 uillam
1628 1346 2017 1399 familiarissimi
2053 1347 2213 1397 nostri

241 1433 549 1486 Uerecundi.
594 1431 717 1498 quid
740 1431 910 1482 dicam
934 1447 992 1481 eo
1014 1428 1246 1480 libente?
1270 1429 1407 1481 nosti
1430 1428 1625 1497 optime
1647 1429 1872 1481 hominis
1893 1445 2010 1480 cum
2034 1428 2083 1478 in
2109 1446 2213 1480 om—

238 1532 326 1566 nes
364 1522 476 1565 tum
516 1530 638 1565 uero
674 1513 726 1564 in
765 1529 856 1563 nos
894 1511 1302 1563 beniuolentia-m
1340 1511 1670 1580 singularem.
1730 1510 1799 1562 ibi
1835 1509 2212 1562 disserebamus
2250 1529 2296 1564 15

237 1597 372 1648 inter
406 1613 513 1658 nos,
549 1611 907 1664 quaecumque
950 1593 1263 1645 uidebantur
1303 1592 1453 1645 utilia
1493 1592 1728 1645 adhibito
1770 1609 1892 1644 sane
1932 1591 2066 1654 stile,
2110 1608 2212 1660 quo

237 1685 427 1730 cuncta
451 1678 827 1745 exciperentur,
852 1677 989 1744 quod
1016 1675 1260 1727 uidebam
1285 1676 1570 1727 conducere
1595 1674 1884 1727 ualetudini
1910 1691 2069 1726 meac,
2094 1691 2211 1725 cum

237 1761 374 1812 enim
402 1759 652 1813 nonnulla
680 1758 924 1826 loquendi
951 1774 1072 1809 cura
1100 1758 1376 1819 detinerer,
1401 1756 1544 1808 nulla
1569 1757 1705 1808 inter
1732 1756 2109 1824 disputandum
2137 1756 2212 1807 in-

235 1842 452 1910 repebat
486 1842 834 1894 immoderata
874 1839 1166 1902 contenti03
1211 1839 1365 1890 simul
1404 1839 1580 1900 etiam,
1627 1846 1700 1901 ut,
1738 1839 1779 1889 si
1814 1838 1937 1906 quid
1975 1846 2210 1889 nostrum

237 1925 422 1976 litteris
455 1924 705 1976 mandare
738 1922 1033 1990 placuisset,
1068 1938 1159 1973 nec
1193 1921 1344 1972 aliter
1376 1921 1579 1972 dicendi
1615 1920 1893 1972 necessitas
1925 1936 2016 1971 nec
2070 1918 2212 1971 labor
2247 1937 2297 1973 20

237 2006 608 2058 recordationis
634 2011 782 2056 esset.
822 2004 1051 2073 agebant
1076 2010 1251 2055 autem
1278 2003 1379 2054 ista
1402 2019 1605 2054 mecum
1623 2002 1839 2070 Alypius
1865 2007 1916 2053 et
1944 2001 2208 2069 Nauigius,

237 2089 396 2140 frater
419 2106 576 2150 meus,
603 2093 654 2139 et
670 2087 933 2138 Licentius
954 2092 1166 2153 repente
1182 2083 1559 2137 admirabiliter
1574 2084 1807 2152 poeticae
1830 2083 2061 2146 deditus;
2086 2083 2210 2151 Try-

233 2171 429 2237 getium
463 2171 589 2221 item
623 2168 770 2220 nobis
796 2167 986 2220 militia
1014 2167 1330 2230 reddiderat,
1360 2167 1447 2234 qui
1478 2172 1752 2234 tamquam
1782 2170 2059 2217 ueteranus
2089 2166 2210 2216 ada-

236 2254 402 2304 mauit
434 2251 732 2314 historiam3
769 2250 927 2316 etiam
962 2250 1014 2300 in
1050 2249 1191 2301 libris
1226 2248 1463 2301 nonnihil
1495 2247 1834 2300 habebamus,

372 2349 467 2400 ΙΙΙ,
505 2350 550 2401 6.
592 2349 692 2401 Sed
727 2353 878 2399 nocte
915 2347 1161 2415 quadam,
1197 2363 1315 2397 cum
1351 2344 1674 2414 euigilassem
1710 2345 1771 2396 de
1807 2360 1947 2395 more
1982 2360 2208 2395 mecum-
2243 2360 2293 2396 25

236 2449 334 2499 que
369 2432 473 2499 ipse
507 2431 699 2482 tacitus
733 2430 1003 2498 agitarem,
1039 2445 1172 2496 quae
1204 2428 1256 2479 in
1289 2434 1518 2480 mentem
1553 2427 1723 2478 nescio
1757 2427 1893 2478 unde
1927 2424 2208 2477 ueniebant

235 2543 301 2546 —
317 2530 436 2565 nam
458 2513 509 2565 id
529 2513 655 2564 mihi
675 2528 848 2564 amore
869 2511 1168 2562 inueniendi
1187 2511 1293 2561 ueri
1314 2510 1418 2562 iam
1438 2509 1489 2560 in
1509 2508 1939 2560 consuetudinem
1960 2514 2205 2569 uerterat,

235 2601 292 2646 ut
320 2602 412 2646 aut
442 2595 679 2662 primam,
709 2594 750 2645 si
776 2593 906 2644 tales
933 2610 1085 2644 curae
1113 2593 1336 2654 inerant,
1366 2597 1457 2643 aut
1484 2598 1622 2642 certe
1651 2590 1908 2651 ultimam,
1936 2589 2205 2640 dimidiam

235 2685 410 2728 tamen
445 2677 548 2728 fere
581 2675 747 2727 noctis
781 2681 985 2743 partem
1018 2673 1234 2742 peruigil
1268 2674 1632 2742 quodcumque
1666 2672 1965 2740 cogitarem,
2001 2687 2090 2721 nec
2127 2686 2205 2720 me

362 2875 376 2914 1
402 2884 489 2927 qua
514 2885 564 2913 cr
585 2884 719 2926 quam
745 2872 782 2912 Α
875 2872 898 2913 2
919 2869 1169 2913 eruditione
1192 2870 1416 2913 Amlel
1498 2868 1522 2906 τ’)
1546 2865 1679 2920 ratio]
1703 2865 1958 2909 hominibus
1978 2865 2030 2907 M
2110 2878 2206 2921 pro—

235 2946 376 2990 mittit
403 2947 508 2989 Pm]
614 2948 639 2988 6
663 2958 739 2988 nos
761 2944 902 2988 uitam
926 2945 979 2987 M
1079 2943 1301 2989 karissimi
1322 2943 1417 2986 MT
1528 2943 1550 2983 7
1574 2940 1634 2983 hii
1666 2943 1698 2984 T
1810 2941 1834 2983 8
1856 2937 2129 2983 laboratione
2151 2940 2203 2982 M

234 3025 278 3063 11
307 3020 468 3063 scolam
495 3021 637 3064 JIPT
745 3020 940 3062 deserere
963 3034 1032 3062 me
1061 3021 1096 3062 T
1221 3020 1271 3061 12
1293 3015 1548 3073 confugere]
1572 3029 1671 3057 cum
1694 3014 1843 3071 fugere
1866 3015 1909 3056 H
2030 3014 2080 3056 13
2102 3027 2204 3057 con-

234 3094 337 3139 tulit
363 3096 400 3137 P
555 3097 604 3138 16
626 3094 817 3137 athibito
841 3095 946 3138 Pml
1106 3093 1152 3135 18
1181 3090 1410 3147 nonnulla]
1446 3104 1532 3134 uon
1565 3089 1609 3131 in
1643 3088 1731 3131 ulla
1774 3092 1807 3132 T
1838 3101 1926 3130 non
1958 3087 2001 3129 in
2036 3086 2139 3129 uilla
2161 3089 2194 3130 A

232 3170 283 3211 19
305 3184 330 3225 q
353 3169 423 3211 1od
440 3172 490 3212 ,ῚΙ
569 3167 787 3223 nostrum]
811 3181 965 3211 uerum
986 3169 1127 3222 (erum
1149 3168 1198 3210 in
1219 3167 1324 3221 νας.)
1340 3172 1378 3209 ,1
1458 3167 1508 3210 :30
1531 3180 1596 3220 pr.
1620 3176 1674 3205 ne
1690 3165 1740 3208 ,ll
1824 3166 1872 3207 21
1898 3160 2100 3218 alyppius
2118 3162 2204 3204 ΗΡ

230 3243 387 3301 alipius
416 3247 451 3287 T
580 3239 637 3288 22
654 3243 988 3287 ammirabiliter
1011 3244 1049 3285 A
1073 3240 1332 3285 mirabiliter
1353 3243 1403 3284 M
1539 3239 1709 3296 poetiac
1735 3236 1840 3280 Pml
1975 3235 2201 3291 trigetium

231 3319 433 3361 :imell'l‘
455 3318 657 3373 trigetius
682 3319 789 3361 Am]
904 3320 955 3361 23
979 3316 1103 3360 uobis
1126 3317 1227 3358 item
1253 3318 1292 3359 A
1417 3317 1466 3358 24
1492 3314 1735 3369 hystoriam
1762 3312 1944 3354 AMPT
2046 3310 2200 3366 etiam]

232 3400 279 3436 ut
301 3393 436 3435 etiam
465 3394 496 3434 A
611 3386 750 3435 Hnihil
773 3387 818 3446 (ἦ
840 3391 928 3445 ΜΞ)
953 3391 988 3432 T
1101 3392 1153 3434 26
1175 3395 1423 3446 reputarem
1452 3391 1501 3431 Μ
1614 3389 1662 3431 27
1686 3400 1808 3430 amor
1836 3387 1869 3428 T
1971 3383 2023 3427 28
2047 3382 2113 3438 ut]
2133 3383 2196 3426 ita

231 3478 277 3511 ut
302 3471 333 3510 A
351 3470 428 3510 Tm
520 3483 583 3522 [ιν.
607 3473 685 3510 aut
708 3481 783 3509 mn.
798 3467 827 3507 ,Ἰ
842 3468 877 3509 Τ
969 3469 1022 3510 29
1043 3465 1130 3508 fere
1152 3466 1278 3508 oms
