2398 3724
208 190 303 243 164
936 200 1020 243 III.
1072 200 1158 245 De
1209 199 1453 245 ordine

204 370 322 407 mur
346 370 454 406 esse
480 369 739 423 peruersa,
768 370 872 406 non
897 370 1005 406 esse
1031 360 1239 422 praeter
1262 354 1502 407 diuinum
1530 354 1764 407 ordinem
1789 355 1896 408 alta
1925 357 2184 424 quaedam

204 443 258 490 et
281 454 311 489 a
335 435 691 489 multitudinis
717 435 800 488 uel
822 435 1116 505 suspicione
1152 436 1502 489 remotissima
1536 436 1811 505 disciplina
1839 454 1891 490 se
1919 437 1996 490 ita
2018 438 2184 491 studi-

205 518 304 572 osis
324 525 375 572 et
390 518 547 570 deum
561 524 721 588 atque
740 517 942 573 animas
961 524 1176 571 tantum
1193 518 1496 573 amantibus
1515 518 1704 571 animis
1723 518 2181 573 manifestaturam

204 617 313 654 esse
362 600 646 668 promittit,
698 607 757 653 ut
805 617 910 653 non
958 599 1107 653 nobis
1157 616 1393 653 summae
1443 616 1777 653 numerorum
1826 600 2027 669 possint
2076 619 2184 655 esse

207 682 467 736 certiores

338 778 488 832 VIII.
527 779 606 832 25.
646 778 792 832 Haec
827 785 1007 833 autem
1042 777 1321 847 disciplina
1354 777 1467 848 ipsa
1503 778 1586 831 dei
1623 778 1707 831 lex
1741 785 1835 842 est,
1876 796 2008 848 quae
2044 781 2183 848 apud

205 879 324 915 eum
358 861 468 914 fixa
502 867 554 914 et
587 860 895 914 inconcussa
927 876 1132 929 semper
1164 877 1380 914 manens
1415 860 1467 912 in
1501 860 1763 930 sapientes
1798 861 2001 914 animas
2039 863 2185 930 quasi

203 943 589 1006 transcribitur,
623 950 682 997 ut
713 949 868 998 tanto
898 961 951 997 se
982 942 1153 996 sciant
1185 942 1360 996 uiuere
1391 942 1573 996 melius
1606 949 1863 1012 tantoque
1894 943 2184 1006 sublimius,

207 1032 407 1096 quanto
449 1032 500 1080 et
540 1025 820 1095 perfectius
863 1042 978 1079 eam
1020 1025 1448 1094 contemplantur
1485 1024 1832 1096 intellegendo
1875 1031 1926 1078 et
1959 1024 2186 1079 uiuendo

206 1108 512 1162 custodiunt
548 1107 865 1178 diligentius.
925 1108 1054 1161 haec
1089 1106 1250 1177 igitur
1286 1106 1563 1176 disciplina
1601 1107 1690 1169 eiS,
1733 1107 1820 1177 qui
1858 1107 2000 1159 illam
2039 1125 2187 1162 nosse

205 1191 522 1253 desiderant,
541 1190 699 1244 simul
714 1190 981 1261 geminum
1001 1189 1235 1243 ordinem
1253 1189 1399 1259 sequi
1417 1189 1580 1252 iubet,
1603 1189 1745 1243 cuius
1766 1207 1869 1242 una
1888 1206 2006 1259 pars
2028 1190 2185 1253 uitae,

206 1274 369 1327 altera
387 1272 694 1327 eruditionis
712 1279 807 1327 est.
845 1272 1266 1326 adulescentibus
1285 1288 1404 1342 ergo
1420 1272 1666 1326 studiosis
1685 1271 1792 1325 eius
1808 1272 1884 1325 ita
1903 1271 2187 1325 uiuendum

206 1362 301 1417 est,
323 1362 381 1409 ut
400 1373 429 1409 a
448 1355 670 1409 ueneriis
689 1356 858 1418 rebuS,
879 1355 946 1408 ab
962 1354 1234 1408 inlecebris
1254 1353 1452 1408 uentris
1472 1361 1524 1408 et
1541 1354 1788 1424 gutturis,
1809 1354 1875 1407 ab
1892 1354 2188 1408 inmodesto

207 1437 435 1508 corporis
470 1438 616 1492 cultu
649 1444 700 1492 et
736 1444 941 1501 ornatU,
977 1438 1044 1491 ab
1075 1436 1321 1490 inanibus
1355 1436 1577 1506 negotiis
1611 1437 1853 1490 ludorum
1886 1453 1947 1489 ac
1978 1443 2187 1506 torpore

205 1520 375 1573 somni
405 1526 564 1590 atque
594 1519 853 1590 pigritiae,
886 1520 956 1573 ab
983 1518 1335 1574 aemulatione
1368 1519 1751 1573 obtrectatione
1780 1518 2089 1581 inuidentia‚
2122 1519 2188 1573 ab

205 1603 463 1656 honorum
498 1608 931 1672 potestatumque
966 1601 1362 1664 ambitionibuS,
1400 1601 1467 1654 ab
1501 1601 1661 1671 ipsius
1697 1600 1859 1655 etiam
1892 1601 2060 1655 laudis
2094 1601 2189 1653 im-

206 1685 413 1738 modica
428 1684 719 1754 cupiditate
741 1702 793 1738 se
812 1684 1132 1748 abstineant,
1150 1700 1381 1738 amorem
1406 1690 1584 1737 autem
1603 1682 1854 1752 pecuniae
1878 1682 2040 1737 totius
2065 1700 2188 1737 suae

205 1767 316 1835 spei
359 1767 707 1822 certissimum
749 1784 1010 1821 uenenum
1053 1783 1161 1820 esse
1205 1767 1436 1820 credant.
1500 1765 1630 1818 nihil
1671 1765 1930 1819 eneruiter
1971 1765 2185 1823 faciant,

208 1849 339 1902 nihil
367 1851 633 1903 audacter.
675 1849 730 1901 in
763 1849 993 1919 peccatis
1024 1855 1203 1903 autem
1232 1865 1444 1902 suorum
1475 1848 1559 1902 uel
1587 1848 1785 1918 pellant
1816 1847 2028 1901 omnino
2056 1848 2187 1900 iram

208 1932 291 1984 uel
321 1931 397 1985 ita
432 1932 653 1994 frenent,
689 1938 748 1985 ut
781 1931 849 1986 sit
882 1931 1062 2001 pulsae
1094 1930 1293 1984 similis.
1328 1930 1591 1984 neminem
1626 1930 1846 1992 oderint,
1882 1930 2025 1983 nulla
2059 1929 2189 1983 uitia

208 2030 312 2066 non
339 2031 519 2068 curare
543 2014 723 2068 uelint.
751 2031 1066 2084 magnopere
1093 2014 1388 2075 obseruent‚
1417 2029 1535 2065 cum
1562 2011 1850 2074 uindicant,
1879 2029 1942 2065 ne
1967 2011 2188 2064 nimium

206 2095 292 2159 sit,
329 2113 447 2149 cum
478 2096 773 2166 ignoscunt,
808 2114 872 2149 ne
904 2112 1108 2165 parum.
1161 2094 1292 2148 nihil
1323 2094 1566 2164 puniant,
1603 2095 1741 2164 quod
1776 2111 1880 2147 non
1913 2094 2088 2148 ualeat
2121 2095 2186 2147 ad

208 2178 408 2241 melius
451 2178 581 2231 nihil
622 2178 946 2248 indulgeant,
995 2179 1133 2248 quod
1179 2183 1354 2231 uertat
1394 2176 1447 2228 in
1493 2176 1655 2246 peius
1700 2193 1819 2230 suos
1855 2183 2045 2245 putent
2083 2193 2189 2229 om-

207 2277 314 2323 1165,
347 2261 400 2312 in
432 2277 559 2330 quos
589 2260 688 2313 sibi
718 2267 953 2330 potestas
983 2262 1113 2314 data
1143 2259 1316 2313 fuerit.
1348 2259 1426 2313 ita
1454 2259 1704 2321 seruiant,
1738 2265 1797 2311 ut
1827 2258 1898 2311 eis
1928 2257 2186 2312 dominari

208 2343 422 2412 pudeat,
451 2343 527 2396 ita
554 2343 908 2406 dominentur,
938 2350 1007 2397 ut‘
1025 2342 1096 2396 eis
1124 2341 1315 2398 seruire
1342 2341 1583 2394 delectet.
1613 2341 1667 2392 in
1694 2339 1981 2393 alienorum
2009 2346 2187 2394 autem

207 2424 436 2494 peccatis
487 2425 693 2478 molesti
744 2442 850 2478 non
899 2424 1005 2478 sint
1055 2423 1241 2477 inuit0.
1293 2422 1596 2477 inimicitias
1648 2422 1820 2476 uitent
1871 2422 2185 2482 cautissime,

210 2506 380 2564 ferant
408 2507 735 2575 aequissime,
759 2507 953 2561 finiant
989 2505 1254 2560 citissime.
1292 2505 1347 2558 in
1377 2505 1519 2558 omni
1555 2521 1678 2558 uero
1715 2510 1991 2558 contractu
2026 2510 2185 2573 atque

211 2589 606 2642 conuersatione
642 2605 759 2641 cum
794 2588 1093 2642 hominibus
1128 2588 1256 2642 satis
1292 2594 1371 2641 est
1405 2603 1611 2641 seruare
1646 2603 1809 2640 unum
1843 2587 1942 2639 hoc
1975 2586 2187 2656 uulgare

209 2670 568 2739 prouerbium:
597 2670 793 2723 nemini
818 2671 1035 2734 faciant,
1065 2671 1204 2740 quod
1231 2669 1344 2740 pati
1370 2669 1572 2723 nolunt.
1597 2685 1706 2723 rem
1727 2668 1994 2738 publicam
2019 2667 2187 2721 nolint

208 2752 577 2806 administrare
617 2752 716 2806 nisi
750 2753 985 2822 perfecti,
1027 2752 1210 2822 perfici
1250 2758 1429 2805 autem
1470 2751 1554 2804 uel
1591 2751 1729 2804 intra
1771 2756 2002 2804 aetatem
2041 2766 2189 2803 sena-

209 2834 401 2887 toriam
426 2834 677 2888 festinent
701 2836 783 2888 uel
812 2842 948 2888 certe
972 2834 1112 2888 intra
1132 2834 1478 2888 iuuentatem.
1506 2834 1594 2887 sed
1613 2832 1845 2902 quisquis
1870 2848 1981 2885 sero
1995 2833 2063 2886 ad
2083 2831 2187 2884 ista

340 3031 364 3074 2
386 3030 472 3075 ista
490 3030 613 3075 Mm?
711 3034 735 3076 7
758 3029 1017 3088 insipientes
1039 3031 1135 3087 (om.
1161 3030 1227 3085 in)
1251 3029 1359 3074 Am]
1469 3030 1522 3073 12
1541 3026 1624 3084 ita]
1645 3028 1743 3073 uita
1763 3029 1817 3073 M
1915 3029 1967 3072 13
1990 3027 2186 3071 uenereis

214 3104 357 3149 AHM
365 3107 403 3149 T
490 3103 737 3148 indomesto
763 3107 799 3150 T
818 3105 1110 3149 immoderato
1126 3104 1166 3148 A
1265 3104 1316 3147 14
1336 3117 1388 3148 ac
1411 3106 1664 3161 torcorpore
1681 3104 1720 3147 P
1739 3117 1765 3147 a
1785 3104 1961 3158 torpore
1976 3103 2062 3147 AT
2074 3100 2180 3157 Eugt.

212 3179 299 3222 edd.
373 3178 424 3224 15
444 3180 594 3223 sumni
617 3181 654 3224 T
721 3179 771 3223 19
788 3179 1014 3224 audaciter
1033 3194 1074 3223 m
1141 3180 1192 3227 20
1214 3178 1416 3222 similiter
1434 3180 1487 3223 M
1546 3179 1594 3221 21
1621 3191 1709 3221 11011
1730 3179 1868 3222 om.M
1932 3177 1985 3222 22
2006 3177 2185 3220 ualeant

213 3254 310 3299 HM
318 3254 357 3298 P
434 3256 486 3299 23
500 3254 687 3311 impeius
704 3256 740 3299 T
817 3254 868 3298 24
881 3253 1051 3299 seruiat
1067 3254 1173 3298 Pm1
1263 3252 1497 3297 26inuicto
1516 3254 1622 3297 Tm]
1715 3253 1765 3296 27
1791 3251 1956 3296 finiant
1977 3250 2184 3294 citissime

214 3329 359 3372 ferant
371 3328 632 3386 aequissime
648 3328 685 3370 P
817 3330 870 3373 28
889 3331 970 3373 hoc
992 3340 1131 3371 unum
1151 3328 1220 3384 (ex
1238 3328 1371 3383 unus)
1386 3326 1670 3385 prouerbium
1690 3320 1870 3382 uulgare
1884 3326 1924 3369 A
1946 3326 2024 3370 hoe
2048 3337 2185 3368 unum

217 3416 256 3445 11.
282 3417 345 3461 pr.
368 3404 421 3448 M
493 3405 544 3447 31
566 3401 782 3446 festinant
799 3403 905 3447 Pml
977 3404 1095 3447 certe
1116 3402 1240 3447 om.A
1311 3403 1594 3447 iuuentutem
1616 3402 1711 3446 AM
1720 3403 1756 3445 T
1777 3399 1882 3456 Euq.
1901 3398 1988 3442 edd.
2060 3411 2106 3442 se
2128 3399 2184 3442 ad

213 3477 298 3521 ista
318 3479 403 3523 AT
423 3477 530 3534 Euq.

2224 1127 2271 1163 10

2225 1535 2274 1573 15

2223 1946 2275 1983 20

2224 2357 2274 2393 25

2223 2767 2274 2803 30
