2398 3724
212 206 276 257 26
835 217 864 259 Ι,
910 216 1126 261 Contra
1168 218 1553 263 Academicos

211 379 422 423 tuarum
453 385 693 421 curarum
723 369 915 438 respiro
946 369 1191 439 resipisco
1223 370 1372 423 redeo
1405 371 1468 422 ad
1501 387 1598 426 me.
1632 371 1768 439 quod
1802 387 1990 439 quaero
2020 370 2189 425 inten-

210 452 446 505 tissimus
476 451 771 504 ueritatem.
806 452 942 520 quod
974 451 1203 504 inuenire
1234 452 1338 504 iam
1367 452 1640 522 ingredior,
1675 453 1811 520 quod
1843 470 1924 506 me
1956 454 2020 506 ad
2052 471 2190 506 sum-

211 551 354 586 mum
376 534 548 603 ipsum
570 534 785 586 modum
807 541 1182 603 peruenturum
1204 551 1314 586 esse
1339 534 1562 596 confido,
1588 543 1648 587 tu
1671 534 1934 597 animasti,
1958 542 2018 588 tu
2041 534 2190 604 inpu-

210 616 333 678 listi,
362 624 422 668 tu
449 615 635 668 fecisti.
666 615 810 668 cuius
840 623 1016 669 autem
1043 615 1280 669 minister
1306 616 1479 678 fueris,
1508 616 1623 685 plus
1652 617 1822 669 adhuc
1848 617 1951 670 fide
1980 618 2188 686 concepi

212 715 369 767 quam
401 698 600 751 ratione
633 697 998 767 conprehendi.
1032 715 1155 750 nam
1187 715 1302 752 cum
1335 714 1578 767 praesens
1610 698 1871 767 praesenti
1902 698 2000 752 tibi
2032 716 2187 768 expo·
2223 718 2248 755 5

211 781 430 833 suissem
462 779 731 833 interiores
776 785 947 832 metus
982 780 1142 833 animi
1176 780 1276 833 mei
1310 780 1744 849 uehementerque
1781 797 1840 833 ac
1872 781 2076 850 saepius
2111 798 2191 834 as-

210 878 428 915 sererem
464 862 660 914 nullam
697 862 822 914 mihi
860 862 1024 914 uideri
1059 878 1361 931 prosperam
1398 863 1680 925 fortunam,
1718 862 1818 914 nisi
1856 879 1986 931 quae
2023 863 2189 916 otium

210 944 611 1014 philosophandi
639 945 805 1006 daret,
836 944 1032 996 nullam
1063 944 1275 999 beatam
1302 945 1486 1007 uitam,
1519 944 1617 997 nisi
1650 962 1751 1013 qua
1780 945 1833 995 in
1863 945 2182 1014 philosophia

210 1027 488 1090 uiueret-ur,
519 1027 606 1079 sed
636 1044 716 1078 me
744 1033 895 1079 tanto
926 1042 1160 1079 meorum
1187 1043 1353 1089 onere,
1387 1043 1607 1096 quorum
1635 1044 1699 1079 ex
1726 1026 1901 1079 officio
1933 1044 2044 1080 meo
2075 1027 2187 1082 uita

209 1110 472 1178 penderet,
506 1108 788 1177 multisque
819 1108 1221 1161 necessitatibus
1252 1108 1335 1161 uel
1363 1109 1576 1177 pudoris
1607 1109 1690 1161 uel
1718 1108 1925 1177 ineptae
1957 1125 2189 1162 meorum
2226 1127 2279 1164 10

210 1192 446 1244 miseriae
480 1191 741 1247 refrenari,
778 1200 889 1244 tam
924 1207 1111 1261 magno
1147 1208 1200 1243 es
1234 1190 1401 1244 elatus
1435 1191 1641 1259 gaudiO,
1676 1198 1789 1244 tam
1823 1198 2002 1244 sancto
2038 1191 2190 1244 huius

212 1274 350 1326 uitae
388 1273 750 1326 inflammatus
780 1274 976 1335 ardore,
1024 1280 1084 1326 ut
1110 1279 1163 1325 te
1190 1272 1401 1335 diceres,
1442 1273 1483 1325 si
1510 1282 1570 1326 tu
1598 1273 1664 1326 ab
1706 1273 1913 1325 illarum
1938 1273 2190 1342 importu—

209 1372 395 1408 narum
423 1355 595 1408 litium
630 1355 850 1408 uinculis
888 1355 1060 1424 aliquo
1092 1356 1245 1408 modo
1276 1355 1586 1417 eximereris,
1622 1354 1799 1408 onmia
1826 1372 1942 1408 mea
1983 1355 2189 1408 uincula

211 1438 371 1490 etiam
412 1437 712 1507 patrimonii
753 1438 832 1491 tui
874 1455 1077 1490 mecum
1118 1437 1520 1507 participatione
1562 1444 1853 1506 rupturum.

342 1542 386 1594 ἶ).
438 1542 623 1610 Itaque
671 1558 788 1594 cum
833 1543 1047 1594 admoto
1093 1541 1245 1594 nobis
1289 1541 1471 1594 fomite
1515 1541 1855 1604 discessisses,
1903 1558 2189 1610 numquam
2228 1559 2279 1595 15

209 1623 526 1676 cessauimus
552 1623 814 1677 inhiantes
841 1624 893 1675 in
920 1623 1302 1693 philosophiam
1331 1628 1487 1693 atque
1513 1623 1655 1677 illam
1682 1623 1865 1686 uitam,
1896 1640 2026 1692 quae
2055 1623 2191 1677 inter

209 1723 299 1758 nos
322 1706 519 1775 placuit
542 1711 699 1775 atque
722 1706 983 1769 conuenit,
1007 1722 1217 1776 prorsus
1238 1706 1368 1758 nihil
1389 1706 1525 1758 aliud
1551 1706 1776 1775 cogitare
1800 1710 1956 1774 atque
1995 1705 2047 1758 id
2071 1722 2190 1758 con—

209 1797 410 1841 stanter
433 1789 658 1857 quidem,
683 1790 768 1841 sed
795 1789 966 1841 minus
991 1788 1177 1841 acriter
1199 1789 1496 1858 agebamuS,
1520 1788 1840 1858 putabamus
1862 1794 2041 1840 tamen
2062 1787 2188 1840 satis

211 1888 301 1923 nos
343 1887 506 1940 agere.
567 1879 619 1924 et
661 1871 908 1939 quoniam
947 1872 1182 1924 nondum
1222 1872 1403 1924 aderat
1443 1887 1504 1923 ea
1541 1870 1772 1929 flamma,
1816 1886 1946 1939 quae
1986 1886 2191 1922 summa

209 1970 299 2005 nos
335 1960 606 2022 arreptura
638 1961 766 2015 erat,
800 1953 943 2006 illam
997 1953 1202 2023 qualem
1240 1953 1611 2007 aestuabamus
1665 1952 2049 2005 arbitrabamur
2081 1969 2190 2005 esse
2226 1970 2280 2007 20

210 2036 289 2087 uel
311 2036 612 2093 maximam,
637 2052 753 2088 cum
775 2053 889 2089 ecce
909 2035 1007 2088 tibi
1027 2035 1144 2088 libri
1168 2036 1381 2104 quidam
1402 2035 1555 2104 pleni,
1578 2041 1638 2087 ut
1660 2035 1733 2087 ait
1755 2034 2003 2096 Celsinus,
2027 2034 2189 2086 bonas

209 2134 286 2170 res
322 2117 570 2170 Arabicas
604 2118 692 2170 ubi
729 2118 1040 2171 exhalarunt
1073 2118 1126 2170 in
1159 2135 1268 2175 nos,
1305 2117 1392 2169 ubi
1427 2117 1498 2168 illi
1534 2116 1833 2170 flammulae
1867 2116 2190 2169 instillarunt

210 2199 568 2268 pretiosissimi
603 2200 855 2269 unguenti
889 2207 1069 2270 guttas
1102 2199 1462 2269 paucissimas,
1498 2198 1810 2261 incredibile,
1850 2198 2188 2260 Romaniane‚

209 2282 505 2334 incredibile
530 2290 581 2335 et
605 2283 745 2335 ultra
768 2299 925 2351 quam
948 2284 1011 2335 de
1035 2299 1116 2335 mc
1140 2282 1362 2335 fortasse
1386 2289 1437 2334 et
1460 2290 1519 2334 tu
1543 2281 1706 2334 credis
1730 2312 1795 2317 -—
1819 2280 1941 2349 quid
1967 2280 2189 2349 amplius

207 2364 417 2416 dicam?
457 2396 521 2400 ——
549 2364 708 2417 etiam
739 2364 864 2416 mihi
894 2364 992 2434 ipsi
1021 2366 1085 2417 de
1115 2382 1195 2419 me
1224 2364 1336 2434 ipso
1366 2363 1665 2416 incredibile
1694 2362 1994 2415 incendium
2022 2363 2190 2415 conci-
2226 2379 2276 2416 25

208 2454 406 2499 tarunt.
440 2446 553 2515 quis
582 2464 662 2499 me
691 2455 819 2499 tunc
847 2447 1026 2509 honor,
1059 2463 1189 2515 quae
1218 2446 1488 2498 hominum
1517 2462 1725 2514 pompa,
1759 2462 1888 2513 quac
1918 2444 2087 2497 inanis
2116 2445 2190 2497 fa-

341 2666 390 2708 13
415 2666 466 2708 cf.
494 2665 616 2709 Conf.
643 2665 705 2709 VI
731 2669 794 2717 14,
820 2667 870 2710 :24
985 2666 1033 2710 21
1062 2666 1113 2710 cf.
1139 2665 1260 2709 Gonf.
1287 2665 1374 2709 VII
1398 2666 1435 2716 9,
1461 2667 1511 2709 13

345 2808 359 2848 1
388 2821 618 2850 cunarum
644 2808 682 2850 P
815 2807 839 2849 2
861 2808 1004 2864 ipsum
1027 2820 1251 2851 summum
1272 2819 1299 2849 a
1427 2808 1452 2851 3
1473 2806 1637 2863 inpulis
1659 2806 1766 2848 Pm]
1888 2807 1915 2848 4
1935 2804 2078 2848 adhoc
2102 2803 2193 2846 ΗΡ

210 2886 234 2927 6
256 2888 404 2925 motus
430 2882 466 2923 T
488 2882 575 2924 edd.
691 2882 1094 2939 uehementerquae
1119 2883 1227 2925 sz
1323 2894 1613 2925 assere**rem
1640 2881 1677 2923 P
1771 2880 1795 2923 8
1820 2878 2191 2936 pliilosoph*andi

215 2957 244 3011 (i
269 2963 370 3011 raS.)
394 2957 432 2999 P
539 2958 563 3000 9
586 2956 714 3001 oficio
740 2958 846 3000 Pml
973 2958 1023 3000 10
1047 2955 1246 3015 pudoris]
1269 2955 1446 3012 pudoris
1468 2954 1554 2999 mei
1575 2954 1680 2999 uani
1701 2953 1875 2997 Hsz
1897 2953 1984 2996 edd.
2009 2952 2191 3011 pudoris

211 3030 313 3074 uani
335 3031 424 3075 mei
448 3031 485 3073 T
578 3032 732 3088 inepte
755 3032 793 3074 P
889 3033 936 3075 11
960 3045 1023 3088 pr.
1050 3029 1163 3086 tam]
1184 3036 1310 3075 utam
1335 3031 1442 3074 ΡΜ]
1522 3029 1585 3086 es]
1607 3035 1698 3073 esse
1724 3029 1763 3072 P
1784 3042 1901 3072 esses
1924 3029 1967 3071 H
2048 3028 2098 3071 12
2120 3027 2189 3071 in-

208 3105 467 3150 flammatus
490 3119 533 3149 es
555 3106 608 3149 M
737 3105 897 3150 ilatum
921 3105 1030 3149 Pml
1156 3107 1207 3149 13
1230 3105 1441 3148 exemeris
1461 3117 1487 3146 a
1601 3103 1650 3147 15
1672 3107 1823 3147 amoto
1848 3099 2006 3146 HTmZ
2029 3103 2188 3144 amodo

214 3180 317 3224 Tm]
341 3184 493 3225 amato
516 3181 555 3224 P
644 3195 668 3223 a
697 3182 828 3226 nobis
852 3180 888 3222 T
982 3183 1035 3225 18
1055 3179 1150 3238 sed]
1172 3181 1247 3224 sed
1270 3180 1381 3224 forte
1402 3191 1428 3220 a
1524 3179 1573 3222 19
1594 3180 1798 3223 nundum
1823 3178 1862 3220 P
1956 3176 2024 3233 ea]
2047 3178 2126 3231 hec
2151 3176 2189 3218 T

213 3256 264 3299 20
298 3269 378 3298 nos
409 3254 618 3300 0222.le22
768 3258 979 3313 areptura
1017 3255 1122 3300 Pml
1294 3251 1490 3310 qualem]
1523 3267 1611 3309 qua
1643 3252 1766 3298 lenta
1802 3251 1881 3294 Tm
1916 3265 2006 3307 qua
2039 3251 2127 3294 iam
2161 3266 2187 3294 α

210 3331 276 3372 uel
300 3343 392 3374 csse
417 3331 503 3372 edd.
639 3333 689 3375 21
715 3328 848 3387 pleni]
872 3329 996 3387 plinii
1018 3330 1071 3372 M
1201 3331 1254 3374 22
1275 3328 1529 3371 exhilarunt
1550 3327 1588 3370 T
1698 3327 1797 3369 illae
1818 3327 1892 3369 Ha
2019 3328 2071 3370 23
2094 3338 2187 3382 pre-

212 3405 440 3448 ciosissimi
462 3404 558 3447 MP
673 3405 856 3461 ungenti
882 3404 919 3446 T
1032 3406 1082 3448 24
1105 3402 1386 3450 incredibile*
1403 3407 1439 3460 (s
1464 3407 1565 3458 ras.)
1581 3402 1618 3444 P
1732 3400 1954 3457 *amplius
1976 3400 2007 3456 (i
2029 3404 2133 3456 ras)
2149 3399 2188 3440 P

213 3479 263 3521 25
289 3479 629 3522 concitauerunt
650 3479 703 3521 M
