2398 3724
265 207 358 260 170
992 217 1073 261 ΙΙΙ.
1130 217 1216 262 1)θ
1266 217 1508 261 ordine

260 388 473 425 causam
496 371 723 432 intuenS,
752 386 909 438 quare
935 370 1002 425 sit
1031 370 1248 432 factum,
1278 377 1370 423 aut
1398 371 1658 440 poculum,
1689 373 1827 440 quod
1854 371 2083 425 medicus
2112 390 2230 426 con-

260 453 456 515 fecerit,
486 451 872 506 rationabiliter
902 468 1140 505 amarum
1173 470 1280 507 esse
1315 453 1396 505 uel
1436 453 1602 514 dulce,
1647 461 1739 506 aut
1786 455 1923 523 quod
1949 456 2226 523 temperari

258 535 506 604 languido
556 534 744 588 solium
795 534 1017 597 iusserit,
1075 534 1239 586 calere
1292 534 1676 587 rationabiliter
1714 542 1806 588 aut
1847 542 2036 604 tepere.
2080 553 2230 588 nemo

258 624 437 670 autem
460 616 671 669 hortum
699 616 955 685 ingressus
985 622 1036 668 et
1065 632 1237 668 rosam
1266 616 1477 669 naribus
1507 618 1793 671 admonens
1822 619 1981 670 audet
2010 618 2084 670 ita
2124 618 2230 670 lau-

257 701 405 752 dare:
432 715 590 767 quam
611 697 996 751 rationabiliter
1018 697 1239 767 fragrat!
1262 715 1356 751 nec
1382 699 1424 751 si
1451 698 1680 752 medicus
1708 699 1868 760 illam,
1885 706 1942 752 ut
1967 700 2227 761 olfaceret,

257 780 465 834 iusserit
486 786 699 833 —tunc
721 779 860 833 enim
883 787 1219 849 praeceptum
1244 780 1326 833 uel
1346 782 1532 833 datum
1555 781 1679 834 illud
1703 781 2102 839 rationabiliter,
2127 799 2230 834 non

257 869 438 916 tamen
472 862 603 916 olere
636 861 1019 915 rationabiliter
1049 862 1244 915 dicitur
1274 894 1338 898 ——
1371 880 1463 915 nec
1495 870 1786 932 propterea,
1823 862 1942 932 quia
1978 864 2229 916 naturalis

258 945 340 998 ille
384 946 511 998 odor
550 950 644 997 θεῖ.
688 961 811 996 nam
854 944 1093 1012 quamuis
1135 962 1164 996 a
1207 961 1327 996 coco
1369 944 1698 1014 pulmentum
1740 945 2031 1007 condiatur,
2075 945 2230 998 ratio-

257 1026 503 1080 nabiliter
535 1025 806 1079 conditum
842 1043 1116 1095 possumus
1159 1026 1343 1086 dicere,
1389 1027 1773 1080 rationabiliter
1814 1035 1991 1080 autem
2035 1044 2229 1096 sapere,

258 1125 377 1161 cum
412 1125 569 1162 causa
604 1107 924 1161 extrinsecus
972 1108 1113 1161 nulla
1159 1108 1226 1161 sit
1262 1110 1348 1161 sed
1387 1109 1647 1178 praesenti
1682 1109 1911 1162 satisfiat
1950 1109 2227 1179 uoluptati,

258 1190 400 1243 nullo
433 1192 589 1243 modo
622 1190 733 1259 ipsa
770 1190 1012 1260 loquendi
1048 1191 1422 1243 consuetudine
1456 1191 1663 1244 dicitur.
1700 1192 1741 1243 si
1776 1191 1913 1243 enim
1950 1200 2232 1259 quaeratur

257 1272 438 1334 deillo,
457 1273 538 1324 cui
558 1272 803 1342 poculum
829 1273 1058 1325 medicus
1084 1273 1302 1335 dederit,
1320 1289 1410 1326 cur
1434 1273 1484 1326 id
1510 1273 1733 1327 dulciter
1756 1273 1947 1326 sentire
1972 1273 2226 1331 debuerit,

258 1354 399 1407 aliud
430 1355 667 1416 infertur,
717 1361 931 1424 propter
961 1356 1098 1424 quod
1128 1355 1203 1407 ita
1233 1361 1329 1418 est,
1359 1355 1410 1407 id
1443 1363 1519 1408 est
1551 1356 1716 1407 morbi
1745 1373 1923 1424 genuS,
1957 1357 2092 1425 quod
2125 1355 2226 1407 iam

260 1453 363 1489 non
384 1436 437 1488 in
458 1436 545 1489 illo
565 1453 719 1489 sensu
741 1444 818 1489 est
840 1438 928 1490 sed
951 1437 1102 1489 aliter
1121 1455 1229 1490 sese
1251 1437 1411 1490 habet
1434 1438 1485 1489 in
1508 1454 1734 1507 corpore.
1758 1437 1799 1489 si
1821 1445 1999 1491 autem
2022 1445 2229 1507 rogetur

257 1518 526 1588 ligurriens
558 1518 754 1588 aliquid
785 1518 934 1587 gulae
964 1518 1177 1571 stimulo
1208 1519 1519 1582 concitatus,
1552 1536 1641 1571 cur
1671 1519 1743 1572 ita
1774 1519 1922 1572 dulce
1954 1519 2127 1575 situel
2156 1536 2229 1571 re-

258 1602 538 1670 spondeat:
581 1600 719 1670 ‘quia
758 1600 899 1654 libet⁴
928 1607 1021 1654 aut
1051 1600 1189 1669 ‘quia
1217 1601 1479 1657 delector‘,
1519 1619 1670 1654 nemo
1691 1601 1816 1654 illud
1841 1601 1978 1654 dicet
2003 1601 2230 1654 rationa-

259 1682 433 1736 biliter
465 1683 631 1746 dulce,
668 1682 766 1734 nisi
803 1683 935 1736 forte
970 1683 1104 1735 illius
1140 1683 1421 1736 delectatio
1457 1683 1610 1736 alicui
1646 1683 1716 1736 rei
1751 1683 1817 1737 sit
1855 1683 2141 1737 necessaria
2178 1692 2229 1735 et

258 1764 402 1828 illud,
444 1766 581 1834 quod
619 1766 839 1821 mandit.
881 1766 946 1818 ob
983 1765 1080 1817 hoc
1116 1765 1191 1818 ita
1229 1766 1525 1819 confectum
1563 1766 1646 1818 sit.

391 1863 471 1915 33.
498 1862 770 1918 Tenemus,
798 1868 1054 1930 quantum
1079 1862 1392 1931 inuestigare
1417 1862 1700 1930 potuimus,
1729 1863 1986 1931 quaedam
2013 1862 2227 1931 uestigia

260 1942 477 1996 rationis
519 1944 571 1996 in
611 1943 846 1996 sensibus
889 1950 956 2006 et,
1002 1945 1138 2012 quod
1182 1945 1247 1996 ad
1290 1944 1460 1996 uisum
1501 1951 1661 2012 atque
1702 1944 1943 1996 auditum
1986 1943 2227 2013 pertinet,

259 2025 313 2077 in
342 2025 455 2093 ipsa
485 2025 643 2078 etiam
678 2025 968 2094 uoluptate.
1013 2026 1100 2078 alii
1132 2042 1253 2078 uero
1283 2042 1462 2079 sensus
1494 2043 1598 2078 non
1629 2026 1680 2077 in
1714 2026 1986 2095 uoluptate
2016 2043 2107 2079 sua
2139 2027 2224 2079 sed

260 2113 474 2176 propter
494 2106 690 2176 aliquid
717 2107 857 2160 aliud
888 2107 1055 2160 solent
1085 2107 1181 2160 hoc
1210 2125 1399 2160 nornen
1428 2108 1644 2177 exigere,
1678 2108 1726 2161 id
1757 2116 1934 2161 autem
1965 2115 2041 2160 est
2073 2107 2228 2160 ratio-

260 2189 391 2241 nalis
415 2189 699 2242 animantis
732 2189 931 2243 factum
963 2197 1177 2258 propter
1198 2190 1425 2259 aliquem
1457 2190 1633 2242 finem.
1666 2191 1754 2242 sed
1786 2191 1852 2242 ad
1885 2189 2056 2242 oculos
2091 2192 2223 2258 quod

260 2271 571 2339 pertinet‚in
597 2288 699 2340 quo
730 2272 1067 2340 congruentia
1099 2272 1330 2340 partium
1362 2271 1686 2324 rationabilis
1716 2272 1925 2332 dicitur,
1954 2270 2224 2339 pulchrum

260 2351 509 2420 appellari
535 2353 681 2415 solet,
701 2354 838 2422 quod
866 2369 987 2405 uero
1012 2354 1078 2405 ad
1105 2369 1271 2416 aureS‚
1289 2354 1498 2422 quando
1524 2353 1890 2406 rationabilem
1917 2361 2226 2406 concentum

259 2434 480 2486 dicimus
534 2442 852 2504 cantumque
902 2451 1234 2488 numerosum
1288 2435 1671 2488 rationabiliter
1721 2453 1828 2488 esse
1883 2435 2224 2503 conpositum,

262 2515 496 2568 suauitas
528 2524 747 2569 uocatur
776 2517 983 2585 proprio
1012 2517 1116 2569 iam
1147 2517 1371 2570 nomine.
1403 2518 1490 2570 sed
1523 2534 1688 2586 neque
1719 2517 1771 2568 in
1801 2517 2027 2586 pulchris
2060 2516 2225 2575 rebus,

264 2599 402 2666 quod
431 2614 520 2650 nos
548 2597 730 2660 inlicit,
761 2615 925 2667 neque
959 2599 1012 2650 in
1046 2599 1251 2651 aurium
1275 2599 1558 2660 suauitate,
1585 2616 1700 2651 cum
1729 2600 1874 2668 pulsa
1900 2600 2052 2651 corda
2081 2598 2226 2667 quasi

390 2810 409 2851 1
436 2809 635 2854 modicus
660 2810 696 2852 P
821 2812 846 2855 3
867 2809 1085 2867 languidis
1102 2811 1153 2853 M
1263 2810 1419 2854 solium
1441 2812 1480 2865 (t
1502 2826 1532 2854 s.
1557 2811 1677 2864 im2)
1694 2812 1735 2854 H
1758 2810 1899 2854 oleum
1927 2811 1979 2853 M
2001 2810 2178 2854 solitum
2201 2826 2223 2852 α

262 2885 287 2926 4
311 2888 457 2926 ortum
475 2884 558 2928 AT
658 2898 867 2928 amouens
889 2887 928 2929 A
1032 2885 1231 2943 laudare]
1253 2885 1396 2930 dicere
1421 2886 1506 2928 edd.
1611 2885 1636 2927 5
1659 2886 1820 2942 flagrat
1841 2886 1939 2928 MP
1959 2884 2120 2941 fraglat
2143 2886 2228 2928 HT

260 2957 379 3001 illam
401 2970 452 3000 ex
474 2958 608 3001 ullam
634 2960 671 3002 A
763 2959 946 3003 olfacere
971 2960 1008 3002 P
1111 2960 1136 3002 6
1157 2959 1263 3003 illud
1287 2960 1444 3003 datum
1465 2961 1505 3003 A
1596 2959 2068 3004 non—rationabiliter
2088 2959 2224 3003 omui!

264 3034 287 3076 7
309 3032 453 3076 holere
478 3032 516 3074 P
617 3033 643 3076 8
675 3038 740 3076 θεῖ
764 3032 834 3077 ille
857 3034 962 3077 odor
989 3037 1024 3078 T
1132 3033 1267 3078 o*dor
1289 3036 1328 3078 A
1363 3033 1467 3077 ordo
1492 3034 1529 3076 P
1635 3048 1773 3091 coquo
1797 3035 1883 3078 AH
1918 3046 2093 3092 quoquo
2120 3035 2222 3077 Tml

262 3119 347 3150 non
380 3106 486 3163 (3.1.)
518 3106 843 3151 rationabiliter
875 3109 1105 3151 conditum
1141 3108 1465 3153 rationabiliter
1489 3109 1527 3151 A
1728 3110 1775 3151 11
1814 3108 1906 3166 ipsa
1939 3120 1991 3150 ex
2021 3107 2093 3151 illa
2120 3109 2223 3152 Tml

266 3183 316 3224 14
339 3180 383 3222 in
404 3181 476 3224 illo
499 3181 562 3238 (in
584 3177 775 3236 s.n22)H
879 3196 1027 3226 sensus
1051 3183 1208 3226 HmIP
1300 3184 1375 3226 sed
1396 3183 1533 3227 om.M
1626 3184 1792 3226 habent
1815 3182 1956 3226 HMP
2064 3183 2115 3225 15
2138 3181 2223 3237 uel]

262 3259 307 3297 et
326 3255 511 3300 ATedd.
606 3256 842 3311 respondet
864 3257 913 3298 M
1022 3257 1072 3299 16
1095 3257 1258 3301 diceret
1279 3257 1332 3299 M
1446 3259 1493 3301 17
1517 3257 1703 3301 delectio
1731 3258 1837 3303 Tm]
1942 3255 2000 3299 rei
2024 3256 2079 3299 sit
2105 3256 2163 3299 rei
2191 3259 2225 3299 Τ

263 3329 311 3372 21
347 3333 440 3384 post
470 3329 703 3387 uoluptate
735 3330 829 3373 add.
861 3330 971 3375 Am?
1004 3337 1070 3376 est
1219 3331 1271 3376 22
1304 3330 1423 3374 aliud
1457 3330 1628 3389 aliquid
1651 3332 1689 3374 A
1848 3333 1899 3375 24
1932 3329 2160 3374 rationalis
2182 3332 2219 3373 H

264 3403 316 3445 26
332 3403 515 3448 dicendo
537 3420 561 3448 α
621 3405 672 3449 28
686 3405 806 3462 quod
822 3404 1009 3449 HMPT
1028 3419 1116 3461 quo
1134 3407 1174 3448 A
1196 3419 1293 3449 cum
1309 3405 1397 3448 edd.
1460 3404 1555 3461 nos]
1577 3419 1653 3449 nos
1675 3406 1793 3450 color
1815 3406 1958 3449 AHM
1969 3403 2221 3449 sz’Tedd.

261 3478 486 3535 compulsa
508 3479 605 3535 (om.
630 3481 747 3531 cum)
774 3478 809 3520 T
905 3479 1066 3523 chorda
1089 3480 1175 3523 edd.

2264 719 2284 754 5

2267 1128 2315 1163 10

2266 1537 2310 1571 15

2263 1962 2313 1997 2¹}

2263 2371 2313 2406 25
