2398 3724
163 699 183 735 5

138 1127 185 1162 lo

137 1532 183 1568 15

135 1962 184 1995 20

138 2364 187 2400 25

141 2769 190 2804 :30

1014 203 1030 245 Ι
1070 205 1104 254 7,
1150 202 1372 254 10—8‚22
2075 190 2169 244 135

220 359 476 409 mittatur.
525 356 749 424 primum
779 362 872 417 est,
904 355 1023 423 quia
1052 354 1286 416 debetur,
1309 354 1510 414 deinde,
1537 354 1673 422 quia,
1696 354 1840 406 cuius
1869 355 2009 407 modi
2035 371 2172 407 nunc

223 440 383 490 uitam
415 438 680 498 ducamus,
724 436 882 488 etiam
914 436 982 488 sic
1012 435 1228 487 indicari
1259 435 1365 486 eius
1395 435 1446 485 in
1478 451 1569 486 nos
1600 434 1978 487 beniuolentiae
2009 436 2170 499 decet,

222 525 498 586 postremo,
521 518 657 586 quod
679 517 732 568 in
751 517 940 586 gaudio
961 518 1023 568 de
1045 532 1132 585 spe
1152 521 1245 568 tua
1265 516 1458 568 nemini
1480 516 1632 568 cedit.
1674 532 1796 568 nam
1818 521 2007 568 etcum
2028 533 2173 584 prae-

221 616 334 652 sens
365 605 514 662 esset,
546 615 638 666 pro
670 598 1025 650 familiaritate
1056 597 1219 665 patris
1250 597 1328 648 tui
1359 596 1441 648 uel
1471 597 1643 665 potius
1677 597 1905 649 omnium
1938 602 2173 650 nostrum

219 681 440 732 multum
470 680 715 732 sollicitus
744 685 872 741 erat,
901 695 965 731 ne
992 679 1184 747 ingenii
1213 678 1290 730 tui
1320 679 1574 746 quaedam
1606 677 1875 741 scintillae,
1906 694 2034 746 quas
2062 679 2174 731 dili-

217 768 395 830 genter
427 760 897 822 animaduertebat,
930 776 1031 812 non
1065 765 1175 811 tam
1208 759 1560 812 conflarentur
1591 776 1711 811 cura
1744 777 1859 812 mea
1892 776 2049 828 quam
2081 766 2176 812 tua,

220 843 642 912 extinguerentur
673 841 893 904 incuria3
927 847 979 893 et
1009 858 1126 892 cum
1158 846 1210 892 te
1242 841 1474 909 poeticae
1508 856 1712 908 quoque
1745 841 2034 893 studiosum
2067 858 2174 894 esse

219 924 531 993 cognouerit,
574 924 642 976 sic
682 922 1046 992 gratulabitur,
1088 928 1147 974 ut
1188 939 1303 973 eum
1345 922 1470 973 mihi
1506 923 1813 990 gestientem
1855 922 2029 974 uidere
2069 923 2174 975 iam

221 1006 412 1057 uidear.

352 1108 497 1160 VIII.
538 1109 614 1160 21.
655 1107 794 1158 Nihil
830 1107 952 1158 mihi
994 1107 1200 1175 quidem
1236 1107 1432 1175 gratius
1468 1106 1640 1170 facies,
1688 1107 1883 1175 inquit;
1932 1107 2019 1159 sed
2068 1107 2174 1159 siue

223 1189 563 1241 mobilitatem
594 1205 762 1240 meam
794 1194 845 1240 et
875 1188 1121 1256 puerilem
1152 1187 1421 1240 leuitatem
1451 1187 1684 1240 ridebitis
1715 1188 1820 1240 siue
1851 1188 2025 1256 aliquo
2056 1205 2175 1240 uere

221 1270 394 1322 diuino
417 1276 546 1322 nutu
568 1276 619 1322 et
646 1270 820 1322 ordine
847 1268 909 1320 fit
935 1270 985 1320 in
1013 1269 1176 1332 nobiS,
1204 1285 1306 1322 non
1333 1269 1480 1321 uobis
1506 1269 1740 1321 dubitem
1768 1270 1957 1322 dicere:
1986 1270 2175 1339 pigrior

220 1369 331 1403 sum
376 1353 439 1404 ad
483 1351 570 1403 illa
618 1358 782 1404 metra
826 1350 995 1403 subito
1037 1351 1276 1414 effectus3
1327 1350 1444 1413 alia,
1489 1350 1635 1419 longe
1679 1350 1778 1403 alia
1827 1352 1996 1403 nescio
2051 1352 2173 1420 quid

219 1433 340 1485 mihi
410 1449 544 1484 nunc
591 1431 701 1484 luce
750 1432 1081 1500 resplenduit.
1139 1431 1396 1500 pulchrior
1455 1437 1532 1484 est
1601 1432 1940 1500 philosophia,
1990 1431 2173 1496 fateor,

222 1531 375 1581 quam
408 1513 609 1575 Thisbe,
641 1529 797 1581 quam
827 1514 1097 1581 PyramuS,
1129 1530 1284 1581 quam
1316 1513 1401 1565 illa
1430 1514 1606 1567 Uenus
1636 1520 1687 1565 et
1716 1514 1913 1581 Cupido
1942 1513 2175 1582 talesque

220 1595 500 1646 omnimodi
524 1611 736 1646 amores
763 1623 825 1627 —
843 1594 915 1648 Et
935 1611 1052 1646 cum
1082 1594 1298 1662 suspirio
1326 1595 1519 1663 gratias
1542 1595 1743 1647 (jhristo
1766 1594 1969 1663 agebat.
2000 1595 2174 1662 accepi

221 1693 311 1745 ego
330 1676 472 1739 haec,
504 1676 624 1744 quid
647 1676 815 1727 dicam
836 1674 1054 1727 libenter
1076 1682 1167 1727 aut
1189 1676 1309 1743 quid
1332 1692 1433 1727 non
1460 1676 1668 1728 dicam?
1698 1676 1918 1744 accipiat
1940 1676 2174 1744 quisque,

222 1763 278 1809 ut
308 1758 462 1819 uolet,
493 1756 620 1808 nihil
648 1773 786 1819 curo,
818 1757 913 1809 nisi
945 1758 1080 1825 quod
1112 1756 1243 1808 forte
1272 1757 1528 1809 inmodice
1556 1758 1865 1827 gaudebam.

352 1862 428 1912 22.
473 1861 675 1912 Interea
715 1867 832 1928 post
871 1860 1138 1927 paululum
1178 1861 1285 1913 dies
1326 1878 1431 1913 sese
1471 1862 1689 1929 aperuit.
1732 1867 2064 1914 surrexerunt
2102 1860 2173 1913 illi

220 1948 270 1993 et
294 1959 385 2010 ego
416 1941 746 1993 inlacrimans
777 1941 943 1992 inulta
975 1942 1134 2003 oraui,
1166 1958 1283 1993 cum
1315 1942 1468 1994 audio
1501 1943 1790 1994 Licentium
1822 1943 2173 1995 succinentem

223 2023 341 2074 illud
371 2023 727 2090 propheticum
755 2021 886 2074 lacte
916 2029 1073 2090 atquc
1101 2022 1325 2091 garrule:
1356 2024 1387 2075 d
1412 2039 1436 2074 e
1459 2040 1490 2074 u
1515 2041 1536 2075 s
1583 2041 1614 2074 u
1638 2024 1650 2074 i
1674 2040 1698 2074 r
1720 2029 1742 2075 t
1765 2041 1795 2075 u
1820 2029 1842 2075 t
1865 2041 1896 2075 u
1919 2041 1987 2086 m,
2017 2041 2042 2075 c
2068 2040 2095 2075 o
2118 2040 2174 2074 n-

225 2111 435 2155 uerte
489 2120 615 2156 nos
683 2110 752 2155 et
820 2105 1140 2156 ostende
1207 2103 1480 2156 faciem
1549 2110 1768 2167 tuam,
1837 2110 1906 2157 et
1973 2104 2176 2157 salui

224 2203 246 2235 e
269 2202 291 2235 r
313 2186 326 2235 i
350 2202 397 2236 in
424 2203 453 2236 u
478 2202 514 2237 3.
562 2186 697 2252 quod
725 2185 886 2252 pridie
912 2191 1028 2252 post
1051 2202 1266 2237 caenam
1292 2203 1407 2237 cum
1435 2186 1498 2237 ad
1523 2186 1772 2253 requisita
1797 2192 2013 2238 naturae
2039 2186 2177 2238 foras

224 2266 426 2328 exisset,
447 2265 599 2333 paulo
618 2265 803 2317 clarius
822 2266 1023 2328 cecinit,
1045 2282 1201 2333 quam
1223 2271 1280 2317 ut
1298 2273 1464 2318 mater
1484 2274 1657 2319 nostra
1679 2267 1807 2319 ferre
1827 2273 2016 2335 posset,
2038 2268 2175 2335 quod

225 2347 306 2398 illo
328 2347 437 2399 loco
460 2346 585 2399 talia
607 2346 852 2398 continuo
873 2347 1095 2415 repetita
1116 2354 1438 2399 canerentur.
1482 2348 1609 2398 nihil
1630 2349 1765 2400 enim
1790 2348 1928 2400 aliud
1952 2348 2175 2411 dicebat,

225 2429 467 2495 quoniam
513 2429 679 2496 ipsum
726 2427 1012 2480 cantilenae
1046 2429 1257 2480 modum
1293 2445 1454 2496 nuper
1487 2429 1730 2481 hauserat
1765 2434 1816 2480 et
1851 2429 2080 2491 amabat,
2117 2435 2177 2481 ut

226 2509 302 2571 fit,
328 2509 484 2561 melos
510 2510 834 2561 inusitatum.
882 2509 1173 2579 obiurgauit
1199 2527 1314 2562 eum
1338 2510 1734 2579 religiosissima,
1760 2516 1820 2562 ut
1845 2511 1957 2574 sciS,
1984 2510 2177 2562 femina

227 2589 289 2640 ob
306 2590 399 2641 hoc
420 2591 603 2657 ipsum,
625 2591 760 2657 quod
781 2591 1146 2643 inconueniens
1165 2590 1303 2643 locus
1321 2592 1524 2643 cantico
1544 2598 1691 2645 esset.
1731 2598 1855 2644 tunc
1874 2591 1956 2644 ille
1974 2592 2178 2644 dixerat

226 2672 420 2722 iocans:
485 2671 639 2733 Quasi
673 2688 810 2733 uero,
863 2672 900 2722 si
935 2673 1047 2739 quis
1095 2673 1175 2724 hic
1208 2690 1287 2724 me
1332 2673 1566 2725 inimicus
1599 2673 1899 2736 includeret,
1933 2690 2033 2725 non
2066 2678 2177 2725 erat

226 2753 349 2803 deus
387 2753 724 2804 exauditurus
762 2769 939 2804 uocem
978 2771 1164 2806 meam.

353 2955 399 2996 :21
427 2955 492 2998 Ps.
519 2955 583 3005 79,
608 2955 631 2997 8

355 3074 370 3114 1
398 3087 461 3126 pr.
486 3071 602 3126 quod
627 3072 663 3113 A
780 3073 804 3113 3
826 3072 1016 3115 nemissni
1039 3072 1069 3128 (i
1089 3074 1213 3128 prs)
1230 3073 1267 3115 P
1384 3075 1406 3115 4
1431 3071 1525 3130 pro]
1549 3079 1592 3116 et
1615 3088 1689 3131 pro
1714 3076 1750 3116 A
1868 3078 1892 3117 ὅ
1914 3073 2019 3116 mihi
2039 3073 2174 3115 ovid!

233 3146 280 3186 12
300 3143 342 3185 in
366 3144 491 3187 nobis
510 3144 565 3187 fit
585 3145 661 3199 (sit
676 3145 829 3199 A)AT
933 3159 1017 3188 non
1039 3146 1166 3190 uobis
1185 3146 1279 3188 add.
1298 3147 1409 3191 Hm]
1429 3150 1563 3202 e'nmq.
1671 3150 1721 3190 15>
1742 3148 1967 3191 tisbeMP
1988 3149 2117 3202 tysbe
2132 3148 2172 3188 H

228 3217 466 3274 piramusA
543 3219 842 3262 ZOlacrimans
858 3221 907 3262 M
922 3219 981 3263 ibi
996 3220 1230 3263 lacrimans
1248 3222 1283 3264 T
1341 3219 1655 3275 succinentem]
1670 3220 1964 3266 cantitantcm
1980 3222 2019 3264 A
2033 3222 2080 3264 in
2093 3234 2171 3263 ras.

228 3291 274 3333 21
298 3290 420 3334 illum
438 3293 545 3334 Am]
621 3292 769 3347 garule
789 3294 893 3336 Pm]
972 3295 1022 3337 23
1045 3294 1239 3349 quaesita
1266 3296 1349 3338 AT
1425 3295 1474 3337 24
1497 3294 1663 3350 nostra]
1686 3308 1782 3337 mea
1797 3296 1834 3337 A
1857 3308 1952 3337 mea
1972 3297 2123 3338 nostra
2142 3296 2180 3337 T

231 3366 281 3406 25
303 3363 412 3419 loco]
434 3365 472 3407 in
500 3365 591 3407 loco
614 3365 734 3409 Mmss
877 3366 927 3408 2ss
948 3374 1123 3412 auserat
1150 3368 1254 3411 Pml
1396 3370 1444 3411 27
1469 3367 1729 3425 obiurgabat
1752 3371 1802 3413 M
1936 3367 1988 3410 29
2009 3381 2077 3411 me
2098 3368 2178 3409 ini-

232 3437 364 3480 micus
387 3439 454 3481 hic
478 3440 529 3481 J!
