2398 3724
220 157 282 209 72
851 171 883 214 Ῑ.
926 171 1139 217 Contra
1178 171 1561 216 Academicos

224 321 510 390 implorabo
534 322 728 375 auxilia¹
748 324 1038 386 doctorum,
1063 340 1179 375 cum
1208 322 1393 392 quibus
1428 323 1468 375 si
1502 339 1741 392 superare
1776 340 1989 392 nequeO,
2014 324 2182 376 minus·

223 402 442 472 pudebit
490 404 711 457 fortasse
758 404 1025 474 superari?
1074 405 1262 458 iaciam
1308 404 1466 474 igitur
1514 405 1699 473 quibus
1737 405 1932 457 uiribus
1975 422 2181 474 possum

223 485 485 538 fumosum
532 486 739 554 quidem
781 487 885 539 iam
929 494 981 540 et
1024 487 1265 540 scabrum
1308 488 1413 546 sed,
1461 486 1558 539 nisi
1604 486 1766 549 fallor,
1807 487 2181 540 ualidissimum

223 566 409 620 telum:
458 567 544 636 qui
589 567 717 620 nihil
758 569 1030 638 approbat,
1096 568 1224 621 nihil
1265 568 1388 638 agit.
1434 586 1461 621 o
1507 568 1768 621 hominem
1812 569 2086 621 rusticum!
2133 578 2184 622 et

223 648 310 701 ubi
346 655 426 702 est
461 648 764 718 probabile?
805 650 893 703 ubi
928 657 1008 704 est
1052 651 1159 704 ueri
1199 649 1400 703 simile?
1449 650 1545 703 hoc
1590 650 1861 704 nolebatis,
1909 651 2184 714 auditisne,
2224 670 2243 704 5

223 737 282 784 ut
327 738 512 784 sonent
555 738 704 785 scuta
743 732 1096 786 Graecanica?
1147 738 1422 801 exceptum
1464 738 1543 785 est
1587 733 1723 801 quod
1766 732 2184 786 robustissimum

224 812 448 881 quidem,
493 814 580 866 sed
625 831 726 882 qua
767 831 927 867 manu
974 815 1186 867 iaculati
1236 813 1438 866 sumus!
1496 821 1548 867 et
1590 813 1719 866 nihil
1754 813 1880 866 mihi
1918 815 2183 883 potentius

220 894 310 947 isti
335 894 435 948 mei
462 902 742 965 suggerunt
779 913 871 949 nec
907 896 1118 965 aliquid,
1153 903 1207 949 ut
1240 896 1405 959 uide0,
1438 896 1663 948 uulneris
1694 896 1924 948 fecimus,
1975 912 2185 949 conuer-

224 983 337 1029 tam
385 994 466 1029 me
514 978 579 1029 ad
621 995 697 1041 ea,
742 995 872 1046 quae
914 978 1036 1030 uilla
1072 986 1123 1031 et
1159 995 1279 1047 ager
1313 978 1601 1041 ministrat3
1640 985 1855 1031 onerant
1893 995 1974 1031 me
2011 979 2183 1047 potius

225 1058 424 1111 maiora
462 1075 618 1127 quam
656 1067 987 1128 praeparant.
2227 1079 2274 1114 10

357 1164 437 1216 34.
466 1162 743 1215 Nam-cum
766 1164 960 1217 otiosus
982 1164 1072 1216 diu
1096 1164 1406 1234 cogitassem
1428 1164 1479 1216 in
1501 1164 1600 1216 isto
1626 1180 1754 1220 rure,
1782 1181 2008 1233 quonam
2032 1166 2183 1217 modo

226 1244 390 1313 possit
417 1245 555 1298 istuc
582 1244 846 1314 probabile
875 1252 967 1299 aut
995 1246 1103 1298 ueri
1129 1245 1292 1298 simile
1320 1252 1468 1298 actus
1496 1252 1697 1298 nostros
1726 1245 1793 1298 ab
1821 1262 1985 1298 errore
2012 1246 2186 1298 defen-

223 1327 361 1388 dere,
385 1327 550 1395 primo
576 1327 743 1379 uisum
766 1335 844 1380 est
866 1328 1008 1390 mihi,
1033 1335 1091 1381 ut
1112 1328 1241 1381 solet
1264 1327 1442 1390 uideri,
1467 1345 1583 1380 cum
1604 1328 1704 1380 ista
1728 1327 2034 1390 uendebam,
2060 1327 2185 1380 belle

225 1415 425 1461 tectum
460 1416 512 1462 et
545 1409 824 1473 munitum,
860 1410 1045 1463 deinde
1079 1409 1168 1462 ubi
1201 1416 1374 1463 totum
1409 1409 1612 1462 cautius
1647 1410 2003 1478 circumspexi,
2044 1410 2182 1462 uisus

227 1507 343 1542 sum
371 1490 497 1542 mihi
527 1490 717 1544 uidisse
747 1509 907 1543 unum
937 1492 1155 1554 aditum,
1189 1509 1287 1561 qua
1318 1492 1371 1543 in
1398 1508 1600 1544 sec-uros
1629 1508 1767 1544 error
1793 1492 2034 1545 inrueret.
2087 1509 2189 1544 non
2227 1510 2273 1545 15

224 1571 392 1624 solum
424 1573 561 1626 enim
592 1580 720 1642 puto
753 1591 870 1626 eum
902 1590 1083 1636 errare,
1119 1574 1204 1643 qui
1237 1573 1424 1626 falsam
1456 1574 1596 1626 uiam
1626 1574 1873 1642 sequitur,
1907 1575 1992 1626 sed
2026 1573 2185 1626 etiam

223 1671 358 1716 eum,
385 1655 470 1723 qui
493 1671 670 1707 ueram
691 1673 795 1708 non
815 1656 1063 1724 sequitur.
1106 1655 1359 1708 faciamus
1381 1655 1519 1708 enim
1539 1657 1667 1707 duos
1690 1655 1915 1707 uiatores
1937 1657 2001 1707 ad
2026 1672 2185 1708 unum

223 1735 391 1788 locum
450 1738 740 1800 tendenteS,
804 1754 1023 1806 quorum
1086 1737 1217 1790 alter
1261 1737 1549 1790 instituerit
1599 1737 1724 1789 nulli
1781 1738 1998 1799 credere,
2057 1737 2187 1789 alter

222 1817 375 1869 nimis
439 1818 673 1871 credulus
742 1819 826 1872 sit.
904 1826 1119 1873 uentum
1182 1826 1261 1872 est
1322 1819 1388 1871 ad
1437 1819 1643 1888 aliquod
1703 1819 1915 1871 biuium.
1973 1818 2055 1870 hic
2106 1819 2185 1871 ille.

226 1899 461 1952 credulus
496 1901 711 1970 pastori,
753 1901 837 1970 qui
884 1903 1081 1959 aderat,
1132 1901 1213 1954 uel
1259 1901 1487 1971 cuipiam
1525 1901 1813 1954 rusticano:
1854 1901 2011 1962 salue,
2059 1901 2190 1970 frugi
2226 1920 2275 1955 20

227 1981 405 2034 homo!
451 1983 535 2035 dic
582 2000 789 2052 quaeso,
841 2001 939 2052 qua
989 1984 1115 2037 bene
1170 1984 1222 2034 in
1275 1983 1417 2035 illum
1455 1983 1622 2035 locum
1672 1990 1930 2051 pergatur.
1981 1998 2187 2051 respon-

220 2065 399 2116 detur:
459 2065 500 2117 si
546 2065 644 2117 hac
697 2065 810 2127 ibis,
858 2066 986 2117 nihil
1031 2064 1238 2118 errabis
1309 2071 1360 2117 et
1418 2065 1498 2116 ille
1550 2066 1615 2116 ad
1669 2064 1934 2117 comitem:
2008 2081 2185 2116 uerum

219 2145 364 2203 dicit,
415 2146 513 2198 hac
556 2164 750 2199 eamus.
802 2147 936 2199 ridet
981 2147 1058 2198 uir
1113 2146 1443 2199 cautissimus
1490 2152 1542 2199 et
1592 2153 1703 2199 tam
1757 2146 1859 2199 cito
1917 2163 2186 2199 assensum

222 2227 536 2280 facetissime
586 2227 774 2281 inludit
816 2235 973 2298 atque
1004 2229 1200 2282 interea,
1241 2228 1324 2281 illo
1373 2228 1670 2281 discedente
1712 2228 1764 2280 in
1804 2228 1941 2281 biuio
1991 2228 2183 2298 figitur.

222 2315 274 2361 et
334 2309 437 2361 iam
505 2310 685 2379 incipit
744 2311 905 2363 uideri
969 2318 1118 2379 turpe
1182 2327 1395 2373 cessare,
1460 2327 1575 2362 cum
1633 2327 1747 2362 ecce
1798 2328 1862 2362 ex
1913 2310 2012 2362 alio
2075 2310 2187 2362 uiae
2224 2328 2275 2363 :25

223 2406 383 2443 cornu
435 2391 609 2445 lautus
663 2393 874 2461 quidam
928 2400 979 2445 et
1022 2393 1248 2445 urbanus
1298 2409 1427 2460 equo
1478 2392 1705 2444 insidens
1747 2392 1938 2444 eminet
1980 2398 2030 2444 et
2073 2408 2186 2460 pro-

224 2472 473 2541 pinquare
509 2474 713 2542 occipit.
749 2474 1044 2544 gratulatur
1076 2475 1190 2538 iste,
1227 2481 1341 2526 tum
1374 2474 1673 2527 aduenienti
1707 2480 1759 2526 et
1792 2474 2022 2526 salutato
2058 2473 2187 2525 indi—

222 2562 309 2606 cat
334 2556 674 2623 propositum,
704 2556 904 2625 quaerit
930 2557 1085 2620 uiam,
1112 2556 1238 2609 dicit
1263 2556 1423 2609 etiam
1450 2555 1786 2607 remansionis
1811 2573 1931 2608 suae
1957 2572 2185 2615 causam,

227 2653 326 2704 quo
371 2636 830 2706 beniuolentiorem
874 2639 1057 2691 reddat
1117 2638 1315 2707 pastori
1358 2655 1475 2690 eum
1518 2637 1825 2705 praeferens
1888 2637 1968 2688 ille
2009 2644 2185 2689 autem

222 2734 348 2770 casu
378 2718 562 2787 planus
593 2726 703 2771 erat
732 2720 794 2772 de
826 2720 919 2782 his,
953 2737 1079 2789 quos
1108 2721 1438 2772 samardocos
1468 2719 1571 2771 iam
1603 2719 1786 2788 uulgus
1817 2726 1987 2771 uocat.
2019 2718 2187 2771 tenuit
2225 2735 2274 2771 30

221 2817 373 2852 suurn
401 2817 596 2853 morem
625 2801 776 2853 homo
806 2802 1060 2870 pessimus
1087 2802 1248 2854 etiam
1273 2801 1450 2871 gratis
1499 2802 1594 2852 hae
1622 2817 1788 2869 perge,
1818 2801 1916 2863 ait;
1946 2817 2065 2852 nam
2094 2817 2183 2869 ego

348 3050 367 3092 1
394 3048 573 3104 plorabo
598 3048 684 3090 ΗΡ
781 3047 1031 3092 doctiorum
1052 3047 1192 3090 Tedd,
1291 3048 1315 3090 2
1332 3046 1495 3102 possim
1518 3061 1543 3089 α
1640 3049 1665 3090 6
1684 3051 1845 3090 sonant
1865 3060 1888 3088 α
1986 3047 2186 3102 greeania

216 3122 363 3166 HMP
452 3121 534 3178 est]
557 3135 592 3165 e.
617 3121 732 3164 enim
753 3135 779 3163 a
869 3127 892 3167 7
915 3121 1021 3180 qua]
1040 3122 1143 3180 quia
1163 3121 1204 3164 T
1277 3123 1302 3165 8
1325 3123 1556 3178 suggerent
1579 3121 1693 3165 Hm?
1783 3122 1832 3164 10
1858 3128 2117 3178 praeparent
2138 3123 2189 3164 M

220 3196 272 3238 12
293 3194 389 3251 aut]
412 3210 462 3240 ac
485 3197 572 3239 edd.
691 3198 741 3239 13
764 3196 873 3239 mihi
893 3196 1021 3240 om.H
1122 3196 1236 3240 uelle
1258 3197 1427 3240 HMPa
1541 3195 1590 3238 14
1610 3195 1685 3239 ubi
1705 3196 1913 3240 onrMml
2031 3195 2080 3237 15
2102 3209 2187 3239 non

217 3270 363 3314 solum
392 3271 487 3325 (orn.
514 3270 652 3326 enim)
676 3272 730 3315 M
751 3285 837 3314 non
860 3272 975 3314 enim
1003 3270 1142 3314 solum
1166 3270 1252 3313 edd.
1419 3271 1471 3312 22
1490 3270 1546 3313 ad
1568 3270 1615 3324 (d
1632 3270 1725 3313 add.
1751 3270 1839 3322 m2)
1858 3271 1895 3313 P
2042 3269 2093 3312 24
2118 3267 2187 3312 illo

217 3343 386 3387 interea
408 3347 461 3389 M
582 3346 630 3391 27
651 3344 814 3402 accipit
838 3345 881 3387 H
982 3346 1033 3388 28
1056 3343 1211 3404 etiam]
1233 3344 1348 3388 enim
1370 3344 1477 3388 Tml
1594 3345 1647 3388 29
1666 3343 1765 3387 illae
1787 3346 1829 3388 H
1940 3344 1994 3387 30
2016 3342 2186 3401 planus]

217 3418 425 3463 seductor
447 3420 602 3475 planus
627 3420 664 3462 T
742 3419 796 3463 iis
814 3421 867 3464 M
946 3420 1229 3476 samardagos
1248 3418 1289 3462 T
1309 3418 1586 3463 samardacos
1603 3432 1643 3461 m
