2398 3724
286 144 348 193 14
1097 156 1394 197 Praefatio.

355 303 410 356 C.
458 303 668 356 Codices
711 301 831 355 labra·
872 302 956 354 De
998 303 1150 354 beata·
1190 304 1320 354 vetica.

354 392 511 443 Liber
563 391 646 442 De
687 392 841 442 beata
896 393 1008 442 etita
1062 407 1165 441 non
1222 390 1431 458 integer
1482 390 1637 443 nobis
1690 396 1934 443 seruatus
1988 397 2091 457 est3
2144 391 2195 442 in

281 478 454 531 medio
495 479 635 531 enim
677 477 788 531 fere
829 478 961 530 libro
1001 478 1193 530 lacuna
1222 477 1351 543 hiat,
1382 494 1538 543 quam
1569 494 1754 530 omnes
1784 484 2043 544 quotquot
2070 477 2197 530 mihi

280 567 627 619 innotuerunt
685 565 896 618 codices
949 565 1207 618 exhibent
1260 581 1526 631 quamque
1579 565 1682 616 iam
1736 565 1800 617 iis
1853 566 2197 633 temporibuS,

283 655 476 720 quibus
517 653 853 720 Augustinus
906 670 1066 721 opera
1119 669 1216 705 sua
1269 652 1596 718 retractauit,
1651 653 1926 705 exstitisse
1979 653 2093 720 ipse
2146 654 2198 703 in

283 742 679 794 Retractatione
719 741 839 793 libri
879 740 980 806 12,
1010 741 1044 789 4
1084 746 1324 793 testatur.
1368 739 1599 792 editores
1637 739 1851 806 quidem
1879 756 1995 791 eam
2023 740 2200 793 uerbis

283 829 552 881 nonnullis
593 828 792 881 additis
833 828 1050 896 explere
1080 827 1383 894 studebant3
1427 827 1520 880 sed
1550 826 1771 879 dubium
1799 844 1905 879 non
1934 833 2030 894 est,
2072 827 2198 894 quin

284 918 475 969 lacuna
528 916 693 968 maior
745 916 922 981 fuerit,
977 932 1135 982 quam
1189 921 1247 967 ut
1300 915 1485 983 paucis
1540 915 1716 967 uerbis
1771 914 1974 982 expleri
2016 915 2199 982 possit.

284 1004 426 1070 quod
466 1022 533 1057 ex
575 1003 743 1073 ipsius
783 1004 1072 1070 Augustini
1128 1003 1305 1055 uerbis
1359 1002 1715 1066 concluditur,
1777 1002 1905 1054 dicit
1956 1003 2095 1055 enim
2148 1002 2200 1053 in

284 1093 424 1144 Retr.
458 1093 477 1143 I
508 1091 556 1158 2,
586 1094 641 1143 4:
687 1093 840 1144 istum
883 1091 1073 1143 librum
1114 1092 1170 1142 in
1212 1095 1384 1142 nostro
1425 1090 1594 1142 codice
1625 1091 1970 1154 interruptum
1997 1091 2202 1155 repperi

285 1186 331 1231 et
385 1199 498 1232 non
542 1183 771 1246 parum
825 1180 1000 1232 mimas
1048 1180 1235 1231 habere
1267 1221 1275 1228 .
1309 1221 1360 1228 ..
1416 1196 1505 1230 nec
1560 1178 1728 1230 milano
1782 1178 1926 1243 apud
1977 1177 2199 1243 aliquem

289 1271 542 1336 licteyrmn
588 1270 917 1335 inveneram,
961 1274 1012 1319 et
1053 1266 1135 1319 De
1164 1267 1316 1318 beata
1344 1268 1458 1318 uita
1485 1265 1620 1332 4,23
1651 1266 1722 1334 (p.
1749 1265 1867 1331 106,
1892 1265 1982 1333 25)
2012 1266 2203 1318 dictam

285 1373 403 1408 esse
448 1374 477 1407 α
520 1361 685 1408 matre
726 1354 860 1407 nihil
902 1354 1052 1406 aliud
1090 1372 1197 1407 esse
1238 1355 1507 1406 miseriam
1537 1371 1693 1420 quam
1723 1358 1998 1421 eyestatem
2040 1369 2204 1418 seque

285 1445 439 1496 istam
482 1444 802 1496 sententiam
843 1442 1028 1495 matris
1069 1442 1320 1495 laudasse
1351 1441 1424 1510 (p.
1460 1440 1578 1506 106,
1615 1435 1741 1509 13),
1769 1457 1904 1507 quae
1946 1441 2112 1493 uerba
2152 1440 2203 1491 in

285 1532 367 1597 iis,
410 1548 546 1597 quae
587 1531 930 1599 praecedunt,
971 1529 1171 1582 frustra
1211 1535 1556 1596 quaeruntur.
1599 1528 1723 1580 inde
1765 1528 1925 1581 etiam
1965 1535 2202 1597 apparet,

286 1637 378 1672 cur
417 1619 749 1687 Augustinus
789 1619 921 1687 ipse,
964 1635 1082 1671 cum
1123 1618 1265 1669 circa
1304 1634 1503 1669 annum
1530 1616 1632 1666 427
1673 1633 1834 1683 opera
1875 1632 1972 1668 sua
2011 1623 2203 1668 retrac-

286 1715 438 1773 taret,
482 1709 727 1760 lacunam
769 1724 875 1759 non
917 1705 1214 1770 sustulerit3
1259 1722 1436 1772 neque
1477 1704 1615 1756 enim
1659 1704 2017 1770 quadraginta
2050 1704 2206 1756 annis

287 1795 569 1848 transactis
610 1796 714 1847 iam
757 1794 1149 1858 recordabatur,
1206 1793 1334 1860 quid
1375 1798 1543 1845 mater
1583 1797 1634 1844 et
1674 1790 1802 1858 quid
1843 1791 1957 1859 ipse
1998 1792 2206 1843 locutus

287 1890 442 1948 esset,
493 1889 548 1935 ut
587 1883 854 1935 miseriam
907 1887 1203 1948 egestatem
1256 1896 1376 1933 esse
1418 1881 1680 1948 probaret.
1735 1878 1994 1931 falluntur
2046 1879 2209 1946 igitur

289 1971 531 2036 Maurini,
585 1988 704 2023 cum
758 1970 998 2022 libellum
1039 1969 1122 2021 De
1172 1970 1325 2021 beata
1373 1970 1487 2019 uita
1540 1967 1805 2033 integrum
1859 1983 1978 2019 esse
2032 1983 2206 2032 neque

290 2058 579 2124 quidquam
621 2058 915 2110 desiderari
956 2062 1180 2109 censent
1222 2056 1377 2124 (Vita
1407 2058 1547 2122 Any.
1580 2054 1628 2104 ll.
1660 2054 1729 2121 7).

363 2146 420 2196 ln
474 2146 606 2198 libro
660 2146 742 2197 De
799 2146 950 2196 beata
1007 2146 1117 2196 uita
1176 2141 1508 2195 recensendo
1569 2148 1780 2210 praeter
1833 2141 2206 2193 Monacensem

291 2251 339 2282 n.
379 2234 546 2284 14330
589 2240 639 2284 et
680 2233 1027 2285 Casinensem
1070 2249 1118 2283 n.
1154 2232 1247 2281 171
1295 2237 1610 2296 ceterosque
1641 2246 1773 2296 quos
1802 2246 1963 2297 supra
1992 2229 2205 2281 laudaui

291 2320 500 2373 codices
528 2320 751 2374 adhibui
780 2320 1016 2373 codicem
1047 2319 1527 2373 Ambrosianum
1558 2318 1623 2370 M.
1649 2317 1733 2369 67.
1760 2334 1893 2385 sup.,
1925 2318 1976 2368 in
2001 2323 2206 2383 quartO,

291 2409 524 2474 membr,
574 2407 660 2459 fol.
697 2410 813 2472 191,
856 2408 1096 2459 x—XI.
1130 2425 1169 2460 s.
1214 2397 1486 2474 scriptum,
1529 2406 1618 2472 qui
1660 2405 1783 2456 inde
1835 2422 1866 2456 a
1908 2404 1940 2455 f.
1976 2403 2097 2455 167Γ
2139 2404 2206 2455 ad

296 2494 419 2544 17911
474 2495 614 2547 hunc
666 2496 856 2548 librum
912 2495 1144 2548 exhibet.
1219 2494 1320 2546 fuit
1371 2494 1496 2546 olim
1549 2492 1853 2546 monasterii
1910 2492 2207 2557 BobiensiS,

293 2583 428 2634 sicut
469 2584 519 2633 in
564 2583 595 2634 f.
632 2586 652 2633 1
706 2589 1020 2636 annotatum
1062 2589 1166 2635 est:
1218 2583 1375 2634 Liber
1414 2583 1584 2633 sancti
1625 2579 1921 2632 columbam
1963 2581 2022 2631 de
2064 2581 2207 2631 bobio

294 2684 365 2738 (ns.
415 2675 559 2723 430⁴).
609 2671 881 2739 praecedit
928 2690 958 2722 a
1011 2670 1045 2721 f.
1097 2670 1314 2721 1—167
1367 2670 1591 2737 synodus
1631 2669 1698 2719 Vl
1738 2667 2207 2732 Constantinopoli-

295 2763 445 2822 (mea,
500 2759 738 2823 sequitur
797 2778 827 2810 a
878 2759 913 2810 f.
973 2758 1271 2811 179÷191
1330 2755 1619 2823 Augustini
1687 2756 1821 2808 liber
1869 2755 1952 2806 De
2007 2755 2206 2805 <luobus

296 2846 504 2896 (mermedis.

370 2933 550 2985 Codex
594 2950 658 2985 ex
702 2936 837 2986 bono
880 2934 1172 3002 exemplari
1226 2952 1256 2985 a
1298 2933 1511 2993 librario
1566 2932 1853 2998 diligenter
1905 2936 1956 2983 et
2007 2936 2208 2982 attente

297 3020 594 3088 descriptus
637 3038 833 3088 paucas
879 3028 1085 3073 tantum
1140 3028 1469 3074 correcturas
1523 3025 1777 3087 expertus
1832 3024 1929 3083 est,
1984 3034 2208 3083 quarum

296 3107 433 3159 aliae
472 3126 503 3159 a
543 3108 755 3159 librario
804 3109 935 3176 ipso,
991 3110 1127 3161 aliae
1167 3127 1198 3160 a
1238 3116 1534 3160 correctore
1586 3112 1761 3159 aetate
1816 3105 1973 3173 paulo
2027 3121 2205 3156 recen-

296 3194 428 3245 tiore
471 3194 739 3262 profectae
782 3212 898 3247 esse
940 3196 1202 3248 uidentur.
1260 3196 1360 3247 etsi
1400 3212 1504 3247 non
1546 3194 1759 3246 omnino
1801 3192 2008 3244 mendis
2048 3197 2207 3255 caret,

298 3286 473 3332 tamen
527 3282 717 3334 ceteris
770 3284 1114 3351 transalpinis
1168 3284 1442 3336 codicibus
1496 3281 1732 3339 bonitate
1779 3279 1912 3331 adeo
1954 3280 2207 3347 praestat,

302 3375 355 3419 ut
407 3385 525 3420 eum
578 3368 767 3421 ducem
822 3370 873 3420 in
929 3371 1274 3423 recensendis
1330 3370 1506 3422 uerbis
1560 3367 1891 3434 sequendum
1940 3383 2057 3419 esse
2103 3383 2208 3417 non

299 3455 648 3506 dubitandum
704 3457 785 3507 sit.
842 3457 1065 3507 Maurini
1122 3476 1238 3509 eum
1284 3475 1384 3508 non
1426 3456 1805 3517 adliil›ucrunt;
1864 3471 2026 3520 quare
2078 3453 2207 3505 haec
