2398 3724
205 246 298 297 122
939 255 1018 299 ΙΙΙ.
1074 255 1158 299 Ι)θ
1210 254 1450 300 ordine

200 426 304 462 non
337 409 564 478 potuisse
597 408 792 477 aliquid
825 408 1127 461 criminatus
1161 413 1253 461 est.
1308 408 1660 478 neglegentiae
1695 426 1814 462 uero
1849 410 2166 479 uituperatio

200 491 366 544 multo
390 495 467 544 est
491 507 649 559 quam
672 490 900 542 malitiae
922 490 1347 559 crudelitatisque
1371 491 1652 560 purgatior.
1678 491 1856 559 itaque
1880 491 2025 543 uelut
2047 509 2167 544 con-

201 573 409 642 pellitur
430 573 565 624 ratio
589 577 762 624 tenere
788 588 890 624 non
912 573 1166 625 inmemor
1189 572 1400 640 pietatis
1424 578 1516 624 aut
1540 573 1641 625 ista
1664 575 1871 625 terrena
1895 590 1996 626 non
2025 590 2171 642 posse

203 672 233 707 a
275 654 464 707 diuinis
506 654 879 707 amministrari
921 660 1013 706 aut
1057 653 1256 723 neglegi
1298 659 1459 722 atque
1499 655 1767 707 contemni
1805 655 1980 724 potius
2019 672 2176 724 quam

200 737 277 789 ita
335 736 630 806 gubernari,
693 742 750 788 ut
812 737 980 789 omnis
1041 736 1104 788 de
1155 736 1251 788 deo
1306 736 1372 788 sit
1433 737 1572 788 mitis
1638 742 1796 805 atque
1856 736 2174 805 inculpanda

203 817 524 887 conquestiO.

337 924 382 976 2.
423 922 522 975 Sed
557 922 670 990 quis
705 926 817 974 tam
850 939 1031 974 caecus
1067 927 1144 974 est
1180 927 1372 984 mente,
1411 928 1467 974 ut
1503 922 1784 991 quicquam
1818 923 1871 974 in
1905 923 2175 975 mouendis

202 1004 503 1073 corporibus
525 1004 744 1056 rationis
769 1005 910 1072 quod
934 1008 1142 1072 praeter
1170 1003 1459 1056 humanam
1494 1005 1888 1072 dispositionem
1913 1021 1971 1056 ac
1996 1004 2176 1056 uolun-

204 1091 371 1138 tatem
395 1091 489 1149 est,
515 1086 723 1138 diuinae
746 1087 1013 1154 potentiae
1036 1086 1486 1155 moderationique
1509 1087 1633 1138 dare
1655 1085 1901 1138 dubitet?
1927 1086 2024 1138 nisi
2046 1085 2177 1139 forte

206 1174 298 1221 aut
340 1167 545 1221 casibus
589 1173 701 1220 tam
743 1173 861 1220 rata
902 1167 1184 1235 subtilique
1226 1168 1547 1220 dimensione
1591 1167 1668 1219 uel
1714 1168 2178 1221 minutissimorum

206 1267 531 1318 quorumque
550 1249 857 1302 animalium
876 1249 1109 1302 membra
1128 1249 1423 1319 figurantur
1441 1254 1550 1313 aut,
1572 1250 1710 1318 quod
1729 1267 1851 1302 casu
1872 1250 1985 1318 quis
2005 1256 2177 1319 negat,

206 1332 370 1401 possit
402 1332 501 1385 nisi
530 1332 733 1384 ratione
766 1331 964 1384 factum
997 1331 1151 1384 fateri
1183 1336 1275 1384 aut
1308 1348 1430 1384 uero
1462 1348 1552 1400 per
1586 1332 1882 1384 uniuersam
1915 1337 2176 1394 naturam,

206 1415 346 1482 quod
373 1414 427 1466 in
454 1413 668 1483 singulis
697 1413 988 1482 quibusque
1014 1413 1167 1465 rebus
1196 1413 1325 1465 nihil
1350 1418 1462 1465 arte
1489 1413 1721 1466 humana
1748 1418 2019 1482 satagente
2048 1414 2180 1466 ordi-

205 1502 391 1548 natum
410 1496 676 1559 miramur,
698 1495 922 1548 alienare
943 1512 973 1548 a
991 1495 1332 1548 secretissimo
1352 1495 1641 1548 maiestatis
1662 1494 1877 1548 arbitrio
1896 1494 2013 1548 ullis
2034 1496 2179 1565 nugis

206 1594 374 1630 uanae
403 1578 662 1646 opinionis
691 1577 1012 1630 audebimus,
1045 1582 1100 1630 at
1129 1578 1267 1629 enim
1294 1577 1391 1630 hoc
1420 1577 1590 1646 ipsum
1619 1581 1696 1629 est
1725 1576 1925 1645 plenius
1955 1578 2181 1645 quaesti-

208 1677 384 1723 onum,
409 1660 548 1729 quod
570 1659 803 1712 membra
826 1658 1008 1727 pulicis
1030 1659 1284 1727 disposita
1303 1659 1430 1711 mire
1453 1664 1612 1727 atque
1633 1659 1878 1711 distincte
1900 1666 2039 1721 sunt,
2062 1676 2177 1711 cum

205 1743 405 1794 interea
436 1742 668 1794 humana
702 1741 811 1793 uita
845 1740 1304 1793 innumerabilium
1338 1740 1794 1809 perturbationum
1827 1741 2181 1793 inconstantia

207 1829 442 1876 uersetur
471 1830 523 1876 et
551 1823 790 1875 fluctuet.
840 1824 929 1876 sed
956 1823 1052 1875 hoc
1083 1827 1255 1891 pacto,
1285 1823 1327 1875 si
1355 1823 1468 1891 quis
1498 1827 1610 1875 tam
1638 1823 1901 1875 minutum
1928 1828 2178 1885 cerneret,

206 1906 336 1958 utin
353 1905 694 1957 uermiculato
714 1905 1016 1973 pauimento
1035 1904 1161 1956 nihil
1179 1904 1318 1957 ultra
1334 1897 1486 1956 uniu's
1504 1904 1738 1957 tessellae
1756 1904 2025 1957 modulum
2048 1905 2179 1956 acies

207 1988 315 2040 eius
363 1986 562 2040 ualeret
610 1987 824 2050 ambire,
876 1987 1198 2055 uituperaret
1239 1986 1496 2039 artificem
1546 1986 1690 2038 uelut
1740 1986 2080 2039 ordinationis
2130 1991 2180 2038 et

206 2069 597 2138 compositionis
650 2070 890 2138 ignarum
944 2085 1019 2132 ec,
1076 2069 1215 2136 quod
1269 2068 1581 2120 uarietatem
1635 2067 1927 2135 lapillorum
1981 2073 2180 2136 pertur-

208 2150 390 2203 batam
415 2156 645 2219 putaret‚
673 2168 703 2203 a
729 2167 831 2219 quo
857 2149 946 2202 illa
970 2149 1287 2202 emblemata
1311 2150 1365 2201 in
1392 2150 1542 2201 unius
1569 2149 1969 2218 pulchritudinis
1996 2149 2178 2202 faciem

207 2232 547 2302 congruentia
568 2232 722 2285 simul
741 2232 881 2285 cerni
901 2231 1314 2300 conlustrarique
1336 2248 1439 2284 non
1461 2236 1687 2300 possent.
1731 2231 1860 2284 nihil
1879 2232 2016 2284 enim
2040 2231 2178 2284 aliud

207 2315 380 2367 minus
399 2314 614 2367 eruditis
633 2313 930 2367 hominibus
950 2314 1156 2377 accidit,
1178 2315 1266 2382 qui
1286 2314 1582 2366 uniuersam
1602 2331 1772 2366 rerum
1791 2313 2178 2382 coaptationem

209 2401 368 2465 atque
418 2400 729 2465 conceptum
779 2395 1019 2448 inbecilla
1069 2401 1244 2447 mente
1294 2394 1546 2463 conplecti
1601 2400 1652 2447 et
1702 2395 2027 2447 considerare
2078 2412 2180 2447 non

209 2478 461 2542 ualenteS‚
493 2479 535 2531 si
565 2478 690 2547 quid
722 2495 805 2530 eos
838 2477 1132 2540 offenderit,
1165 2477 1288 2546 quia
1318 2494 1439 2529 suae
1469 2477 1776 2546 cogitationi
1805 2494 2053 2546 magnum
2085 2482 2178 2539 est,

208 2576 455 2628 magnam
490 2559 643 2612 rebus
681 2564 875 2629 putant
910 2559 1177 2611 inhaerere
1214 2558 1538 2611 foeditatem.

343 2665 388 2716 3.
429 2662 584 2717 Cuius
624 2664 805 2716 erroris
845 2663 1076 2715 maxima
1114 2680 1270 2715 causa
1309 2667 1404 2726 est,
1446 2662 1584 2731 quod
1625 2662 1780 2715 homo
1819 2661 1916 2714 sibi
1955 2662 2062 2730 ipse
2101 2667 2179 2714 est

209 2745 519 2814 incognitus,
565 2745 653 2813 qui
676 2750 855 2797 tamen
878 2750 937 2797 ut
960 2762 1011 2797 se
1036 2750 1233 2807 noscat,
1259 2761 1450 2814 magna
1474 2760 1600 2813 opus
1624 2744 1783 2796 habet
1806 2743 2179 2796 consuetudine

333 2993 353 3034 1
381 2992 465 3050 est]
488 2992 548 3036 sit
569 2994 607 3036 A
729 2994 755 3037 5
778 2990 859 3047 ita]
882 2993 967 3037 ista
993 2994 1030 3036 T
1051 2992 1143 3035 alta
1165 2992 1274 3036 Am]
1402 2991 1668 3049 inculpando
1696 2994 1731 3036 T
1861 2993 1885 3035 7
1905 2989 2117 3048 quicquid
2140 2992 2179 3033 A

209 3068 236 3111 8
257 3067 443 3110 rationis
463 3067 634 3111 omAT
715 3067 741 3110 9
762 3065 847 3122 est]
868 3071 937 3111 est
956 3066 1117 3111 rationi
1138 3065 1219 3109 AT
1301 3065 1397 3110 dari
1421 3065 1455 3108 T
1539 3067 1588 3110 10
1609 3064 1851 3124 suptilique
1877 3068 1913 3110 T
2005 3064 2180 3109 demen-

213 3142 333 3185 sione
355 3141 399 3184 H
510 3142 562 3185 12
585 3155 709 3199 posse
734 3141 776 3184 H
886 3142 938 3185 14
958 3140 1059 3185 ullis
1079 3139 1247 3184 om.AT
1362 3140 1410 3183 15
1434 3137 1531 3195 hoc]
1555 3145 1601 3185 et
1617 3140 1698 3183 hoc
1721 3139 1842 3184 Mm?
1955 3143 2019 3182 est
2040 3139 2179 3183 omM

213 3216 264 3259 16
297 3215 537 3273 dispositae
561 3215 605 3259 H
750 3215 986 3260 distinctae
1007 3216 1093 3259 ΗΡ
1125 3214 1341 3260 distincta
1364 3215 1445 3257 AT
1469 3215 1558 3257 edd.
1707 3216 1757 3258 17
1791 3213 2178 3258 innumerabilium

209 3291 256 3345 (u
277 3290 351 3335 ull.
376 3303 426 3333 ex
446 3293 492 3347 a)
516 3292 553 3335 T
654 3291 705 3334 19
728 3290 874 3334 teselle
897 3291 1007 3334 Aml
1111 3290 1165 3334 22
1187 3288 1341 3333 fatiem
1368 3291 1404 3334 T
1507 3291 1558 3334 23
1579 3287 1917 3346 congruentiam
1941 3288 1979 3330 P
2079 3301 2178 3331 con-

213 3364 476 3421 lustrarique
506 3366 606 3420 (con
638 3365 685 3407 in
717 3377 799 3407 ras.
822 3361 912 3419 ⁷722)
947 3364 986 3407 P
1096 3364 1149 3409 25
1172 3368 1434 3408 concentum
1471 3363 1625 3406 AmeT
1652 3364 1740 3405 edd.
1775 3366 2041 3407 contentum
2067 3363 2174 3405 Am]

215 3441 267 3484 26
286 3437 412 3496 quid]
433 3440 531 3496 quis
552 3438 604 3482 M
698 3440 748 3483 27
772 3443 933 3495 putant
955 3439 1083 3483 rebus
1104 3452 1146 3482 m
1250 3437 1485 3482 feditatem
1506 3439 1648 3482 AMT
1740 3438 1792 3482 28
1815 3437 1898 3494 ipsi
1918 3438 1970 3481 M
2060 3436 2179 3480 inco-

211 3512 363 3570 gnitus
385 3518 451 3557 est
471 3514 511 3557 A

2210 754 2230 790 5

2215 1186 2264 1222 10

2216 1596 2264 1631 15

2215 2005 2263 2040 20

2214 2413 2263 2449 25
