2398 3724
220 180 317 234 214

277 349 480 406 bipennis
508 349 553 392 in
583 363 710 393 crura
739 350 808 401 62,
839 350 905 393 27.
936 349 1045 393 illud
1074 349 1170 393 uul-

277 437 377 480 gare
425 424 660 468 adserebat
706 424 896 468 infidum
944 424 1168 468 hominem

276 498 392 542 malo
435 512 513 542 suo
554 513 644 542 esse
687 499 918 542 cordatum
961 500 1057 551 109,
1099 499 1168 543 16.

277 573 451 617 oculum
476 573 521 616 in
543 577 738 617 mentem
764 573 952 617 iniecisti
977 574 1074 625 160,
1098 575 1168 618 28.

220 661 460 705 prouocare
507 646 563 691 ad
611 647 915 705 imperitorum
964 648 1168 692 tenebras

279 723 349 774 62,
380 724 449 766 22.

219 796 498 854 prouoluere:
520 796 783 854 prouolutus
803 797 950 841 studio
970 797 1166 854 poeticae

278 872 375 923 126,
412 873 479 915 21.
516 886 570 915 ne
606 872 770 929 pedum
808 885 958 915 cursus
995 871 1167 928 longius

276 945 612 1003 prouolueretur
641 946 738 998 175,
766 947 835 991 18.

220 1025 353 1078 prout
383 1021 480 1073 168,
511 1021 580 1065 28.

220 1109 416 1153 pugnare
457 1117 499 1130 =
545 1109 799 1152 repuqnare:
854 1096 965 1138 nihil
1016 1109 1165 1153 pugno

276 1169 409 1225 (locus
440 1169 678 1227 Ciceronis)
707 1172 777 1222 42,
808 1171 848 1214 7.

219 1244 520 1302 pulmentum:
576 1245 782 1302 quamuis
834 1259 877 1302 p.
933 1245 1166 1289 condiatur

276 1321 374 1371 170,
405 1319 445 1363 8.

223 1398 450 1451 purgatus:
462 1394 762 1451 neglegentiae
779 1394 1049 1452 uituperatio
1065 1408 1164 1452 pur-

278 1468 421 1526 gatior
454 1470 550 1520 122,
581 1470 621 1513 2.

217 1618 495 1673 Quadratum
513 1617 864 1675 intellegibilium
882 1631 1164 1662 numerorum

275 1692 345 1744 65,
376 1692 443 1737 25.

221 1771 535 1824 quaestuosus:
562 1768 953 1825 quaestuosissima
981 1766 1163 1825 praedia

228 1896 239 1907 θ
277 1842 373 1894 109,
405 1844 443 1885 1.

221 1929 491 1974 quamquam
522 1930 556 1959 c.
589 1916 890 1960 coniunctiuo:
923 1916 1019 1968 165,
1051 1918 1117 1960 14.

222 1990 424 2048 quamuis
451 2004 484 2034 c.
513 1990 780 2034 indicatiuo:
808 1992 877 2044 32,
906 1993 972 2036 13.
1000 1991 1070 2043 50,
1098 1991 1164 2035 16.
1211 2020 1212 2024 =

277 2065 346 2117 56,
377 2066 417 2110 9.

221 2140 344 2197 quasi
364 2140 612 2183 aduerbiurn
629 2156 642 2184 .·
665 2155 707 2197 q.
729 2145 845 2184 terra
864 2144 910 2184 et
929 2155 971 2198 q.
995 2139 1163 2184 caelum

277 2215 346 2267 64,
381 2215 448 2258 25.
482 2214 753 2258 coniunctio:
787 2216 829 2267 6,
862 2216 902 2260 8.
937 2216 1007 2267 54,
1042 2216 1108 2259 17.

220 2289 345 2345 quasi
366 2303 468 2333 uero
490 2303 523 2332 c.
545 2289 782 2333 indicatiuo
799 2305 813 2333 .·
836 2304 879 2347 q.
901 2304 944 2333 u.
966 2304 1046 2346 ego
1069 2303 1165 2333 sum

276 2377 460 2421 magnus
477 2364 687 2408 definitor
703 2368 801 2408 aut.
821 2399 829 2407 .
849 2397 858 2407 .
882 2368 993 2422 puto
1013 2364 1082 2415 15,
1099 2365 1165 2408 13.

277 2451 319 2495 q.
348 2452 392 2481 u.
424 2438 630 2495 cuiquam
657 2439 797 2482 uideri
824 2443 974 2496 potest
1002 2439 1098 2490 129,
1125 2440 1165 2483 3.

278 2525 311 2555 c.
335 2512 605 2556 coniunctiuo
622 2528 636 2556 :
662 2514 730 2564 16,
753 2515 794 2557 4.
817 2515 869 2558 37
878 2548 888 2566 ,
912 2515 979 2558 19.
1003 2514 1074 2566 52,
1097 2514 1164 2558 23.

221 2586 295 2643 qui
325 2586 573 2630 adum-bium
591 2603 605 2631 .·
635 2589 707 2639 32,
739 2589 807 2633 24.

222 2660 324 2718 quia
355 2675 430 2717 pro
461 2675 545 2705 acc.
578 2675 611 2704 c.
644 2662 742 2717 ins„-
775 2662 884 2706 illud
914 2662 1166 2719 diligentius

276 2736 587 2788 adtendamus,
608 2736 711 2793 quia
729 2750 819 2780 non
839 2737 961 2794 eguit
981 2738 1079 2789 109,
1099 2738 1165 2781 19.

277 2814 329 2853 ut
368 2810 689 2867 intellegamus,
729 2811 834 2868 quia
875 2812 982 2855 deus
1024 2811 1166 2855 iustus

280 2883 368 2927 fuit
399 2885 496 2936 162,
527 2886 566 2929 9.

223 2958 378 3015 quidni
392 2959 568 3015 (esser.
580 2959 716 3003 Andr.
729 2959 829 3016 315)
842 2960 914 3011 36,
930 2961 996 3003 17.
1011 2961 1165 3012 37,12.

223 3033 366 3089 quire:
400 3038 535 3090 queat
565 3034 634 3085 52,
666 3034 734 3077 26.
767 3039 937 3091 queunt
969 3036 1065 3085 174,
1098 3035 1164 3078 15.

222 3107 425 3164 quisque:
462 3107 546 3152 nisi
581 3107 736 3151 uiuens
772 3107 956 3165 quisque
994 3107 1165 3165 sapiens

277 3181 371 3225 fieri
400 3182 541 3239 possit
570 3183 640 3234 47,
659 3183 727 3227 23.
748 3183 908 3239 quibus
927 3183 962 3226 si
981 3183 1164 3239 quisque

275 3268 364 3299 non
388 3256 565 3300 cesserit
588 3257 684 3308 177,
708 3258 775 3300 12.
800 3256 984 3315 quisque
1008 3258 1165 3301 doctus

278 3331 375 3381 178,
421 3331 489 3375 23.
537 3330 591 3374 fit
636 3345 678 3387 q.
725 3331 907 3375 idoneus
954 3332 1051 3383 180,
1097 3334 1164 3375 14.

746 185 830 229 III.
872 184 1011 230 Index
1050 186 1284 230 uerborum
1325 189 1370 230 et
1407 186 1694 231 locutionum.

1264 364 1366 407 quo:
1397 364 1447 395 eo
1469 350 1692 403 libentius,
1707 364 1794 407 quo
1815 364 1969 408 parum
1991 352 2207 408 prandeas

1318 426 1388 477 30,
1419 426 1487 469 26.

1263 500 1381 557 quod
1424 514 1500 555 pro
1542 513 1627 543 acc.
1671 513 1704 543 c.
1747 499 1846 554 ins..·
1888 499 2045 552 fateor,
2087 501 2206 557 quod

1318 574 1538 632 perfectus
1576 588 1665 618 non
1706 574 1764 618 sit
1804 576 1871 626 10,
1912 575 1979 618 16.
2021 574 2205 631 fingenS,

1319 650 1437 706 quod
1462 648 1573 692 nihil
1596 648 1846 706 intellegam
1874 649 1942 701 15,
1969 650 2034 692 17.
2062 651 2206 703 credo,

1318 724 1437 781 quod
1472 737 1746 781 negaremus,
1780 723 2021 767 diceremus
2056 729 2205 768 tamen

1318 798 1383 842 ita
1410 798 1549 842 uideri
1577 800 1646 850 42,
1675 799 1715 842 3.
1744 797 1827 842 nisi
1855 797 1967 841 forte
1996 798 2204 842 disseren-

1317 874 1423 917 dum
1465 873 1659 925 uidetur,
1710 873 1828 929 quod
1951 887 2031 916 nos
2070 872 2206 917 faciat

1317 952 1614 992 contemtores
1666 948 1735 999 47,
1786 949 1827 991 4.
1879 947 2033 998 uideri,
2085 948 2204 1004 quod

1316 1022 1522 1066 uideatur
1559 1022 1628 1074 52,
1667 1023 1733 1066 12.
1771 1021 1964 1073 uidetur,
2001 1022 2196 1079 quod...

1316 1111 1415 1140 cum
1442 1098 1521 1141 deo
1548 1101 1654 1140 sunt
1679 1097 1774 1147 146,
1799 1097 1865 1140 27.
1890 1110 1979 1140 non
2003 1096 2204 1149 dixerim,

1316 1172 1434 1229 quod
1467 1172 1556 1215 sine
1587 1171 1668 1215 deo
1698 1170 1809 1214 nihil
1838 1171 1895 1214 sit
1926 1172 2020 1222 146,
2050 1173 2117 1215 32.
2148 1172 2202 1226 cs.

1317 1248 1413 1298 102,
1444 1247 1511 1290 26.
1545 1247 1641 1298 106,
1674 1248 1741 1289 11.
1774 1247 1842 1289 12.

1260 1321 1378 1378 quod
1394 1335 1469 1377 pro
1485 1321 1605 1378 quid:
1618 1335 1758 1378 neque
1772 1320 1899 1364 uideo
1914 1321 2032 1376 quod
2047 1333 2203 1376 sequar

1315 1396 1385 1448 35,
1409 1397 1449 1440 2.
1473 1395 1617 1453 ipsum
1642 1409 1794 1439 uerum
1819 1396 1938 1452 quod
1963 1394 2019 1438 sit
2041 1396 2109 1446 37,
2134 1396 2201 1438 14.

1315 1471 1435 1528 quod
1464 1470 1651 1514 sentiam
1681 1471 1750 1521 39,
1780 1471 1846 1514 19.
1875 1469 2019 1527 ipsum
2049 1482 2201 1513 uerum

1316 1546 1435 1602 quod
1473 1545 1531 1588 sit
1566 1545 1763 1602 ignorare
1801 1545 1869 1595 78,
1905 1545 1944 1588 6.

1260 1633 1468 1677 quorsum
1494 1619 1610 1663 ilsta?
1635 1620 1705 1671 37,
1729 1621 1795 1663 21.
1821 1632 2029 1676 quorsum
2055 1617 2198 1662 istuc?

1316 1695 1412 1747 187,
1444 1696 1497 1739 13
1528 1695 1601 1751 (cf.
1639 1694 1733 1738 Ter.
1766 1694 1848 1737 Aa,
1881 1693 1994 1749 100).

1259 1844 1450 1900 Rapere:
1480 1848 1627 1887 totum
1658 1845 1754 1895 100,
1773 1844 1812 1887 8.
1852 1844 1890 1887 9.
1929 1856 1956 1885 a
1993 1842 2203 1899 rapiendo

1315 1932 1405 1962 sese
1450 1918 1680 1962 abstinent
1724 1919 1820 1969 101,
1865 1918 1932 1961 26.
1979 1931 2012 1959 r.
2058 1931 2100 1960 se
2145 1917 2203 1960 ad

1315 1992 1565 2036 diuinarum
1598 2006 1739 2036 rerum
1772 1991 2072 2036 beatissimam
2103 2004 2203 2034 con-

1314 2066 1651 2124 templationem
1696 2068 1792 2118 174,
1836 2068 1903 2110 22.
1947 2081 1981 2109 r.
2026 2066 2069 2108 in
2112 2079 2202 2110 sese

1315 2142 1628 2199 cogitationem
1662 2143 1759 2193 177,
1791 2142 1857 2186 10.

1257 2217 1391 2261 ratio:
1410 2216 1638 2261 architecti
1655 2231 1733 2260 suo
1755 2216 1889 2260 uerbo
1911 2215 2125 2259 rationem
2149 2214 2201 2258 is-

1314 2296 1407 2334 tam
1422 2295 1585 2335 uocant
1599 2295 1644 2334 et
1663 2295 1810 2348 partes
1833 2290 2088 2334 discorditer
2102 2303 2200 2333 con·

1314 2364 1481 2409 locatas
1501 2379 1590 2409 non
1610 2366 1768 2409 habere
1787 2365 2002 2408 rationem
2024 2364 2199 2415 171,12.

1258 2439 1520 2484 rationabile
1557 2441 1666 2502 (esse
1703 2440 1943 2496 dixerunt),
1981 2439 2099 2496 quod
2135 2451 2202 2481 ra-

1316 2515 1434 2559 tione
1464 2515 1632 2558 factum
1660 2518 1774 2559 esset
1801 2518 1881 2558 aut
1907 2514 2075 2557 dictum
2105 2513 2201 2564 169,

1317 2591 1383 2633 14.
1438 2589 1722 2633 rationabiles
1764 2588 1948 2632 balneae
1992 2587 2088 2638 169,
2133 2588 2200 2631 15.

1315 2663 1647 2707 rationabilium
1688 2663 2016 2708 mendaciorum
2057 2665 2199 2719 potes-

1316 2742 1457 2782 tatem
1490 2738 1587 2791 175,
1618 2738 1686 2782 25.
1720 2739 1816 2790 176,
1846 2738 1886 2781 6.

1259 2813 1581 2857 rationabiliter
1603 2825 1809 2871 apparere
1823 2846 1832 2855 .
1851 2846 1860 2855 .
1890 2826 1923 2855 r.
1953 2815 2083 2856 sonat
2105 2811 2200 2863 169,

1315 2888 1382 2931 24.

1258 2962 1471 3005 rationale
1504 2976 1594 3006 esse
1627 2962 1850 3013 dixerunt,
1881 2961 2000 3018 quod
2031 2959 2199 3003 ratione

1313 3040 1512 3080 uteretur
1537 3036 1609 3080 uel
1633 3036 1699 3079 uti
1724 3039 1873 3093 posset
1898 3035 1993 3086 169,
2021 3035 2085 3078 13.

1211 3123 1213 3132 *
1258 3109 1525 3154 ratiuncula:
1543 3110 1813 3154 ratiunculae
1830 3109 2049 3166 captiosae
2065 3112 2198 3164 atque

1313 3184 1490 3229 fallaces
1521 3186 1590 3237 69,
1611 3186 1652 3229 5.
1694 3186 1787 3236 101,
1812 3187 1852 3228 1.

1257 3273 1475 3303 recensere
1508 3259 1640 3304 libros
1671 3261 1739 3311 30,
1771 3261 1811 3302 7.
1887 3319 1892 3326 Ι

1257 3334 1447 3377 recensio
1480 3333 1578 3385 libri
1611 3333 1788 3391 Uergilii
1821 3333 1889 3383 15,
1914 3332 1982 3376 28.

282 3425 323 3439 Ξ
357 3404 626 3460 quicumque:
663 3419 861 3462 quaeque
904 3406 947 3448 in
990 3406 1163 3450 homine
1256 3408 1602 3464 receptaculum:
1658 3406 1943 3465 receptaculis
1996 3404 2197 3449 tenebras

278 3483 383 3522 sunt
414 3479 454 3531 7,
487 3481 537 3523 17

1313 3487 1463 3539 tegens
1495 3483 1563 3534 70,
1594 3483 1633 3526 5.
