2398 3724
190 156 258 209 48
823 172 855 215 1.
897 171 1114 217 Contra
1151 171 1535 216 Academicos

191 324 351 394 igitur
380 340 555 377 censes
585 324 872 394 sapientiae
902 324 1196 378 studiosum
1226 340 1376 394 posse
1407 324 1634 387 fortuna,
1667 341 1729 377 ne
1760 325 1825 377 ad
1856 325 2167 395 sapientiam

190 406 479 475 perueniat,
507 406 988 476 impediri,etiamsi
1016 406 1061 459 ei
1089 423 1194 460 non
1222 406 1427 459 auferat
1456 405 1661 459 uitam?
1693 437 1759 442 —
1787 405 1905 460 Non
1928 407 2165 471 arbitror,

194 488 381 558 inquit.

328 570 427 623 ΠΙ.
466 570 512 623 5.
552 569 701 633 Uolo,
740 570 971 640 inquam,
1011 570 1137 623 mihi
1173 569 1446 639 paululum
1482 570 1700 639 aperiaS,
1741 570 1864 639 quid
1901 571 1999 624 tibi
2035 571 2169 625 inter

188 653 482 722 sapientem
496 657 548 706 et
562 652 1138 722 philosophumdistare
1155 652 1487 705 uideatur.—
1521 652 1820 721 Sapientem
1835 652 1902 705 ab
1923 654 2173 717 studiose,
2207 672 2228 708 5

190 735 283 797 ait,
321 734 464 787 nulla
498 750 551 788 re
586 735 794 788 differre
832 734 1070 798 arbitror,
1108 734 1207 787 nisi
1244 735 1378 804 quod
1419 750 1639 804 quarum
1664 750 1834 788 rerum
1858 734 1912 787 in
1935 735 2167 805 sapiente

194 817 408 886 quidam
431 816 643 870 habitus
666 817 817 880 inest,
843 832 1022 870 earum
1044 823 1124 870 est
1146 817 1199 868 in
1222 816 1455 870 studioso
1479 816 1589 870 sola
1611 816 1906 887 flagrantia.
1931 848 1997 853 ——
2027 817 2168 880 Quae

188 905 314 952 sunt
336 899 553 952 tandem
576 898 709 953 istae
734 898 851 952 res?
883 899 1123 969 inquam;
1149 915 1273 951 nam
1296 898 1423 951 mihi
1448 898 1577 951 nihil
1605 898 1744 952 aliud
1775 898 1984 952 uidetur
2012 899 2169 953 inter-

186 999 317 1045 esse,
358 980 458 1033 nisi
499 982 635 1050 quod
677 981 810 1035 alter
847 981 944 1034 scit
984 981 1313 1051 sapientiam,
1355 980 1488 1034 alter
1525 980 1651 1034 scire
1690 980 1967 1035 desiderat.
2010 1013 2076 1018 —-
2118 981 2168 1035 Si

187 1063 479 1127 scientiam,
529 1063 717 1134 inquit,
768 1064 1006 1116 modesto
1056 1063 1160 1116 fine
1207 1062 1543 1126 determinaS‚
1594 1062 1764 1132 ipsam
1813 1079 1920 1116 rem
1968 1063 2172 1133 planius
2205 1081 2255 1118 ιο

189 1145 425 1198 elocutus
455 1162 523 1198 es‚
553 1176 621 1182 —-
656 1145 875 1215 Quoquo
905 1146 1078 1208 mod0‚
1108 1145 1340 1215 inquam,
1371 1162 1488 1198 eam
1515 1145 1873 1208 determinem,
1904 1145 2028 1198 illud
2059 1163 2168 1199 om-

190 1228 343 1280 nibus
376 1226 574 1296 placuit
607 1227 878 1281 scientiam
912 1227 1162 1281 falsarum
1195 1243 1366 1281 rerum
1398 1244 1508 1281 esse
1542 1243 1647 1280 non
1678 1244 1843 1297 posse.
1879 1258 1945 1263 ——
1978 1227 2041 1279 In
2072 1228 2168 1281 hoc

190 1309 334 1373 mihi,
369 1310 541 1379 inquit
574 1309 673 1373 ille,
711 1309 823 1363 uisa
857 1309 958 1363 fuit
991 1309 1263 1363 obicienda
1297 1309 1651 1379 praescriptio,
1688 1326 1751 1363 ne
1784 1309 2168 1363 inconsiderata

186 1391 523 1458 consensione
558 1409 675 1445 mea
708 1391 857 1445 facile
891 1392 946 1444 in
980 1391 1279 1461 principalis
1314 1391 1449 1443 illius
1487 1391 1806 1460 quaestionis
1843 1391 2039 1460 campis
2074 1398 2166 1444 tua

193 1474 453 1543 equitaret
483 1473 666 1527 oratio.
698 1506 765 1511 —
793 1474 952 1527 Plane
982 1473 1125 1537 mihi,
1157 1473 1389 1543 inquam,
1422 1472 1551 1525 nihil
1579 1472 1667 1526 ubi
1697 1473 1931 1542 equitare
1962 1490 2167 1542 possem
2201 1490 2253 1527 15

190 1555 460 1625 reliquisti.
487 1573 626 1619 nam,
654 1556 753 1610 nisi
778 1556 943 1619 fallor,
973 1557 1109 1625 quod
1136 1555 1242 1609 iam
1267 1556 1469 1608 dudum
1493 1555 1691 1619 molior,
1719 1556 1784 1608 ad
1811 1554 1983 1624 ipsum
2009 1554 2167 1608 finem

189 1638 535 1708 peruenimus.
563 1638 606 1690 si
631 1638 784 1702 enim,
813 1645 872 1691 ut
897 1638 1160 1691 subtiliter
1184 1654 1406 1707 uereque
1431 1637 1627 1700 dixisti,
1656 1636 1784 1689 nihil
1806 1636 1943 1690 inter
1966 1637 2167 1707 sapien-

188 1720 293 1773 tiae
316 1720 610 1774 studiosum
635 1728 687 1774 et
713 1720 1003 1790 sapientem
1029 1720 1262 1783 interest,
1278 1720 1377 1772 nisi
1405 1720 1542 1788 quod
1567 1719 1666 1772 iste
1693 1725 1853 1782 amat,
1882 1719 1963 1772 ille
1989 1726 2166 1772 autem

188 1802 349 1856 habet
373 1802 659 1872 sapientiae
684 1802 1014 1872 disciplinam
1042 1833 1109 1839 —
1132 1803 1268 1855 unde
1293 1801 1455 1855 etiam
1478 1817 1668 1854 nomen
1691 1800 1878 1870 ipsum,
1896 1801 1947 1853 id
1973 1807 2052 1854 est
2077 1801 2167 1854 ha-

190 1884 360 1938 bitum
390 1886 650 1953 quendam
677 1885 962 1954 exprimere
989 1902 1094 1938 non
1120 1889 1399 1937 cunctatus
1426 1901 1479 1937 es
1505 1915 1571 1920 —-
1595 1900 1745 1937 nemo
1773 1890 1951 1936 autem
1978 1883 2165 1936 habere
2200 1901 2251 1938 20

187 1966 517 2035 disciplinam
550 1974 726 2036 potest
760 1967 813 2019 in
847 1967 1037 2030 animO,
1077 1966 1163 2036 qui
1197 1966 1325 2018 nihil
1357 1966 1556 2029 didicit,
1593 1965 1721 2018 nihil
1753 1974 1931 2018 autem
1964 1964 2162 2027 didicit.

188 2049 277 2117 qui
312 2048 441 2100 nihil
473 2049 637 2112 nouit,
676 2056 727 2102 et
762 2066 911 2102 nosse
947 2048 1137 2102 falsum
1171 2065 1321 2101 nemo
1358 2054 1550 2117 potest,
1587 2047 1735 2100 nouit
1769 2047 1928 2117 igitur
1961 2046 2164 2115 sapiens

189 2131 483 2193 ueritatem,
517 2148 670 2200 quem
697 2131 1026 2200 disciplinam
1054 2130 1341 2199 sapientiae
1370 2129 1559 2182 habere
1587 2129 1641 2181 in
1668 2129 1858 2190 animO,
1888 2129 1939 2181 id
1969 2135 2048 2182 est
2077 2128 2166 2181 ha-

188 2212 358 2266 bitum
390 2213 496 2266 iam
528 2213 637 2282 ipse
672 2213 937 2266 confessus
970 2230 1039 2266 eS.
1074 2244 1140 2249 —
1174 2211 1374 2275 Nescio,
1410 2211 1596 2280 inquit,
1633 2211 1776 2264 cuius
1809 2210 2163 2281 impudentiae

186 2295 301 2355 sim,
355 2294 396 2347 si
448 2295 690 2349 habitum
740 2294 1093 2365 inquisitionis
1144 2294 1440 2347 diuinarum
1494 2294 1945 2362 humanarumque
1998 2308 2167 2346 rerum
2198 2309 2249 2346 25

186 2394 299 2430 esse
329 2377 382 2429 in
412 2377 646 2447 sapiente
679 2378 972 2431 confessum
1003 2395 1084 2431 me
1106 2393 1291 2446 negare
1314 2376 1539 2429 uoluero.
1569 2377 1656 2428 sed
1687 2375 1773 2444 qui
1801 2375 1897 2428 tibi
1925 2375 2166 2427 uideatur

188 2458 524 2512 inuentorum
555 2459 905 2529 probabilium
937 2459 1149 2512 habitus
1182 2475 1287 2511 non
1319 2475 1446 2520 esse,
1481 2464 1592 2510 non'
1619 2457 1784 2510 uide0.
1820 2488 1885 2493 ——
1916 2455 2163 2509 Concedis

187 2540 420 2610 inquam,
466 2541 592 2615 mihi
647 2541 779 2594 falsa
823 2540 1083 2595 neminem
1126 2539 1291 2594 scire?
1358 2570 1425 2577 —-
1484 2539 1656 2592 Facile
1702 2538 1926 2608 quidem,
1973 2536 2158 2607 inquit.

185 2653 253 2660 ——
293 2622 391 2675 Dic
429 2622 550 2685 iam,
594 2623 636 2676 si
678 2631 842 2692 poteS,
886 2623 1117 2692 inquam,
1160 2622 1450 2692 sapientem
1492 2621 1686 2674 nescire
1727 2619 2054 2689 sapientiam.
2098 2650 2164 2655 —

197 2704 331 2766 Quid
370 2704 545 2758 enim?
586 2705 677 2767 ait,
710 2705 807 2758 hoc
842 2705 1005 2758 limite
1044 2704 1286 2758 uniuersa
1315 2703 1592 2766 concludis
1633 2709 1691 2756 ut
1730 2702 1892 2755 uideri
1929 2701 2025 2754 sibi
2063 2717 2167 2753 non
2197 2716 2249 2753 30

186 2787 353 2855 possit
392 2787 842 2856 comprehendisse
880 2804 932 2840 se
970 2785 1321 2856 sapientiam?
1362 2817 1428 2823 —-
1465 2786 1561 2848 Da,
1602 2785 1832 2853 inquam,
1873 2785 2159 2836 dexteram.

317 2993 334 3033 1
374 3004 399 3033 a
431 2989 610 3035 fortuna
632 2990 715 3033 Tm
860 2993 884 3035 2
917 3004 1006 3034 non
1037 2993 1072 3034 et
1104 2990 1247 3035 uitam
1279 2990 1421 3035 om.M
1567 2992 1593 3033 4
1623 2988 1793 3047 aperies
1812 2988 1866 3031 M
1995 2987 2020 3030 5
2046 2986 2161 3042 sapi-

186 3064 354 3108 entiam
376 3065 431 3107 M
506 3079 531 3107 a
549 3081 591 3111 m
669 3068 694 3111 6
714 3064 907 3120 sapienti
932 3064 969 3107 T
992 3065 1214 3121 sapientia
1234 3065 1333 3109 HM
1342 3065 1380 3107 P
1457 3067 1481 3109 7
1502 3063 1683 3120 quidem
1704 3063 1759 3105 M
1837 3064 1886 3106 10
1910 3058 2161 3116 scientiam]

188 3139 458 3196 sapientiam
480 3139 535 3182 M
686 3141 734 3183 11
760 3138 1001 3195 eloquutus
1025 3140 1133 3184 ΡΜ]
1294 3137 1495 3197 quoquo]
1515 3151 1604 3194 quo
1630 3139 1667 3181 P
1817 3136 1999 3192 inquam
2021 3134 2159 3180 om.M

188 3212 412 3257 deminem
436 3214 545 3260 Pm1
635 3213 870 3257 homnibus
896 3214 934 3257 P
1040 3216 1092 3258 13
1114 3212 1346 3257 obicienda
1369 3213 1402 3270 (i
1420 3226 1483 3270 pr.
1499 3210 1587 3268 m2)
1604 3213 1642 3256 P
1739 3209 2026 3269 praescribtio
2051 3209 2157 3252 sz

191 3290 242 3331 14
262 3287 348 3331 fale
371 3289 480 3333 sz
558 3289 653 3332 eius
670 3288 712 3331 T
788 3288 838 3332 15
858 3289 1040 3344 inquam
1062 3288 1170 3332 mihi
1192 3288 1277 3331 edd.
1370 3288 1422 3332 25
1442 3286 1756 3344 inquesitionis
1779 3286 1887 3330 Pml
1979 3284 2031 3329 28
2049 3282 2159 3325 mihi

187 3362 371 3419 inquam
392 3363 478 3406 edd.
559 3362 707 3420 facile]
727 3360 856 3407 facile
878 3362 923 3406 id
943 3362 1024 3408 Tm
1123 3363 1176 3408 29
1198 3366 1342 3420 potest
1366 3363 1409 3406 H
1511 3362 1565 3406 30
1582 3352 1747 3414 uideris]
1773 3359 1805 3402 P
1897 3359 1948 3404 31
1971 3371 2016 3401 se
2038 3356 2159 3401 omT

188 3436 417 3480 dexteram
439 3438 552 3494 (ram
573 3439 620 3481 in
641 3439 747 3494 ras.)
770 3437 808 3480 P
836 3438 1037 3482 dextram
1059 3437 1115 3480 M
