2398 3724
718 147 801 191 III.
847 147 983 191 Index
1023 147 1253 192 uerborum
1289 151 1334 191 et
1376 147 1659 192 locutionum.

227 315 392 358 directo
426 314 493 364 78,
525 314 592 355 23.

226 387 486 444 disceptatio
517 387 586 436 30,
620 386 685 429 19.

226 461 501 505 discorditer:
534 464 681 516 partes
712 459 755 502 d.
788 458 1036 502 conlocatas
1069 459 1163 509 171,

284 537 349 579 13.

225 609 518 665 discrepantia
547 621 722 650 mensae
755 607 849 657 102,
882 608 920 649 2.

225 683 432 726 discussio
464 682 645 738 diligens
675 682 716 731 8,
747 681 786 723 5.

226 757 459 800 disiunctio
502 757 565 811 (z
589 754 958 810 ,ὃιεζευγμένον)ῑ
991 754 1060 804 64,
1094 754 1159 796 16.

281 831 349 881 65,
381 832 447 873 21.
479 831 548 880 68,
580 830 646 872 28.

224 905 490 947 disiunctum
510 905 573 960 (z
595 902 910 958 διεζευγμένον
939 901 1157 956 ἀξίωμα);

281 993 381 1022 uera
414 983 517 1021 sunt
547 978 631 1020 ista
661 976 879 1020 disiuncta
909 976 977 1026 64,
1010 977 1075 1019 10.

224 1053 421 1095 dissicere
469 1053 527 1102 id,
576 1051 694 1108 quod
740 1063 876 1093 unum
923 1054 1018 1093 erat
1065 1050 1158 1099 181,

290 1129 353 1169 11.

223 1200 494 1243 dissimilare:
525 1197 799 1242 dissimilanti
826 1212 868 1241 se
896 1197 1157 1241 intellexisse

281 1275 373 1324 163,
408 1276 472 1317 11.

223 1348 414 1391 differre:
474 1347 583 1390 nihil
639 1346 811 1389 distulit
869 1360 946 1389 sua
1004 1346 1157 1401 cuique

280 1422 468 1465 tribuere
504 1422 598 1471 162,
631 1422 696 1464 11.

222 1495 399 1539 dissolui
435 1510 508 1551 per
544 1495 769 1538 innumera
805 1499 949 1537 scorta
986 1494 1052 1544 16,
1090 1494 1157 1536 18.
1195 1502 1197 1518 ¹

222 1570 472 1613 distributio
506 1570 601 1620 105,
632 1569 700 1612 29.

221 1643 514 1687 diuerberare:
572 1643 743 1685 animus
786 1642 908 1685 fusus
951 1641 1158 1685 inmensi-

278 1721 369 1761 tate
402 1718 703 1761 diuerberatur
736 1718 831 1766 123,
862 1717 929 1759 18.

221 1792 459 1834 diuortium
493 1791 674 1834 unitatis
703 1790 797 1846 pati
829 1791 922 1841 181,
953 1791 991 1833 2.

220 1867 375 1908 doctus
407 1880 438 1907 e.
471 1865 611 1907 ablata
643 1865 811 1907 animae
844 1865 999 1907 doctae
1032 1863 1157 1906 disci-
1195 1853 1196 1870 ³

276 1940 405 1995 plinis
437 1941 531 1989 137,
564 1940 630 1982 21.

220 2014 396 2057 domare
428 2013 592 2056 malum
628 2014 722 2061 179,
755 2015 819 2056 11.

220 2088 480 2130 dominium:
516 2087 595 2130 sub
628 2087 696 2130 dei
729 2086 922 2129 dominio
958 2087 1052 2136 179,
1090 2086 1154 2128 15.

219 2162 474 2204 dubitanter
506 2166 695 2216 strepere
728 2160 795 2210 95,
828 2163 893 2203 11.

219 2237 372 2278 ducere
399 2235 509 2278 (lieni
536 2235 787 2277 hesternum
813 2235 880 2284 46,
907 2236 944 2276 2.

219 2309 385 2351 dudum
418 2310 486 2358 37,
520 2310 585 2351 10.
618 2309 686 2357 38,
717 2308 758 2350 5.

219 2382 362 2425 dulcia
389 2385 505 2438 (opp.
531 2384 699 2436 amara)
725 2382 820 2431 105,
846 2382 887 2424 5.

219 2458 398 2499 dumeta
434 2457 685 2512 opinionum
724 2456 944 2498 fallacium
983 2457 1051 2505 27,
1088 2456 1155 2498 21.

223 2605 273 2655 E,
291 2618 362 2646 ex:
382 2618 433 2646 ex
451 2604 589 2646 alieno
609 2604 822 2659 probabili
839 2604 982 2646 uiuere
1002 2605 1070 2654 73,
1087 2604 1154 2646 30.

275 2692 360 2720 non
394 2692 446 2720 ex
477 2692 525 2720 eo
557 2678 761 2720 miserum
796 2678 926 2720 fuisse
960 2679 1055 2727 110,
1088 2677 1155 2719 15.

276 2766 328 2793 ex
354 2766 402 2794 eo
430 2752 659 2794 conficitur
687 2754 780 2802 111,
808 2753 873 2794 12.
901 2767 921 2794 e
949 2765 1078 2793 causa
1102 2771 1147 2786 z

276 2826 459 2867 causalis
489 2827 560 2880 (cs.
591 2840 642 2868 ex
673 2840 752 2867 usu
784 2847 828 2860 1:
868 2826 1006 2881 utilis)
1037 2825 1102 2867 cui
1133 2840 1153 2868 e

278 2913 404 2941 causa
437 2899 489 2941 sit
524 2901 615 2949 132,
646 2902 686 2941 8.

221 2973 376 3015 ecferre
409 2973 638 3015 cotidianis
670 2973 871 3015 laudibus
905 2974 997 3016 185.
1029 2975 1067 3015 4.
1101 2974 1153 3025 es.

276 3046 418 3088 efferri
452 3049 544 3096 131,
576 3047 615 3089 8.

219 3121 331 3161 edax
348 3120 510 3162 transl:
527 3121 804 3162 honestarum
824 3120 985 3162 artium
1004 3120 1155 3161 arden-

278 3193 492 3240 tissimum
528 3193 922 3249 edacissimumque
957 3194 998 3244 6,
1034 3195 1098 3236 10.

221 3267 343 3309 edere
376 3267 638 3309 sententiam
670 3269 711 3316 3,
743 3269 810 3310 21.

220 3340 383 3382 edicere
415 3361 458 3374 z
499 3341 774 3394 pronunliare
807 3342 872 3390 17.
904 3341 943 3383 6.

221 3414 448 3457 edisserere
481 3415 548 3456 51.
583 3416 647 3456 13.
680 3414 747 3464 65,
781 3416 846 3456 12.

2082 145 2179 197 203

1241 311 1420 354 educere
1461 310 1525 366 (=
1575 310 1781 365 educare):
1821 309 1890 353 cui
1930 311 2176 354 educendae

1296 383 1466 427 litterae
1492 383 1786 440 uigilauerunt
1810 385 1878 434 73,
1904 385 1954 429 27
1980 385 2052 440 (cf.
2083 385 2176 427 Ter.

1296 458 1432 500 Andr.
1492 458 1586 500 911.
1648 458 1760 500 Eun.
1821 457 1915 501 748.
1975 458 2074 514 805)
2123 460 2176 512 cs.

1295 532 1419 575 etiam
1451 546 1492 574 u.
1527 531 1655 574 auris.

1239 605 1382 649 efferri
1440 605 1643 648 laudibus
1698 607 1791 656 131,
1832 606 1871 648 8.
1922 605 1975 659 cs.
2018 605 2176 649 ecferre

1295 679 1389 730 185,
1420 682 1458 722 4.

1237 753 1464 809 effringere
1496 752 1831 809 descriptionem
1864 752 1929 803 15,
1964 754 2000 796 1.

1237 827 1461 870 effundere
1492 840 1666 869 uersum
1699 826 1795 877 115,
1828 827 1894 869 20.

1237 901 1393 944 effusio
1424 901 1483 943 rei
1511 900 1792 944 exuberantis
1822 901 1916 950 113,
1947 902 2012 943 13.

1237 975 1498 1018 elaboratio:
1548 974 1647 1017 libri
1693 973 1868 1017 nomine
1917 977 1994 1016 tuo
2043 987 2175 1030 quam

1291 1053 1443 1092 nostra
1484 1048 1780 1092 elaboratione
1828 1047 2041 1091 dulciores
2083 1050 2176 1098 124,

1292 1124 1331 1166 8.

1236 1197 1401 1240 elatum
1434 1196 1645 1240 ferculum
1678 1197 1747 1247 99,
1778 1197 1845 1239 21.

1235 1271 1430 1314 elimare:
1460 1271 1655 1313 animum
1685 1269 1754 1321 35,
1783 1271 1849 1313 13.
1894 1269 2024 1312 elima
2052 1269 2176 1325 quid-

1292 1345 1396 1401 quid
1427 1345 1562 1388 habes
1594 1344 1807 1387 acuminis
1839 1344 1934 1394 140,
1965 1345 2004 1386 4.

1235 1419 1429 1462 elimate:
1458 1418 1803 1475 disputationem
1829 1417 2049 1461 elimatius
2075 1417 2175 1460 uolo

1290 1493 1517 1549 prouenire
1552 1494 1647 1543 134,
1680 1494 1746 1536 19.

1234 1567 1444 1623 eliquare:
1502 1567 1696 1623 eliquata
1751 1570 1818 1609 est
1874 1565 2174 1622 philosophiae

1290 1641 1518 1697 disciplina
1550 1642 1618 1690 79,
1651 1641 1717 1683 16.

1235 1715 1397 1769 ellipsis
1452 1715 1597 1757 uerbi:
1653 1714 1872 1770 quomodo
1927 1713 2042 1756 enim
2100 1713 2173 1768 (sc.

1290 1793 1437 1845 potest
1459 1789 1614 1832 beatus
1636 1789 1746 1843 esse)
1769 1790 1836 1838 10,
1859 1789 1926 1831 21.
1950 1787 2055 1843 quid
2080 1790 2175 1829 tum

1290 1863 1614 1920 postea?49,7.
1640 1864 1745 1906 deus
1768 1862 1967 1904 meliora!
1994 1861 2167 1911 151,12.

1291 1937 1395 1993 quid
1420 1952 1518 1994 ergo
1544 1936 1721 1979 anima?
1750 1936 1817 1986 95,
1844 1938 1882 1979 1.
1909 1961 1962 1966 —
1984 1938 2051 1978 est
2075 1948 2175 1977 07η..-

1292 2012 1326 2053 si
1350 2025 1447 2054 mea
1472 2011 1704 2067 descriptio
1730 2023 1834 2054 uera
1859 2011 1928 2059 13,
1954 2009 2020 2052 25.
2046 2022 2173 2051 nemo

1290 2085 1461 2142 sapiens
1478 2085 1627 2135 miser;
1645 2084 1785 2128 omnis
1802 2084 1932 2126 homo
1951 2087 2030 2125 aut
2046 2082 2175 2125 miser

1289 2164 1368 2202 aut
1408 2159 1563 2202 beatus
1606 2158 1673 2209 15,
1714 2160 1753 2201 9.
1794 2171 1883 2200 non
1922 2157 2099 2207 mirum,
2141 2156 2173 2198 si

1291 2233 1439 2277 sentiri
1476 2237 1661 2289 possunt
1698 2233 1765 2283 18,
1803 2233 1870 2275 24.
1906 2231 2059 2274 melior
2096 2234 2173 2272 tuo

1289 2307 1484 2364 sapiente
1503 2308 1571 2357 20,
1591 2307 1656 2350 15.
1675 2306 1796 2348 cuius
1812 2305 1882 2348 hio
1900 2319 2007 2361 puer
2026 2303 2169 2346 filius?

1289 2383 1357 2432 37,
1377 2382 1417 2424 5.
1438 2381 1558 2424 aliud
1579 2394 1744 2430 sensus,
1765 2379 1884 2422 aliud
1905 2393 1980 2435 per
2001 2391 2172 2421 sensum

1291 2457 1385 2506 171,
1414 2457 1480 2498 27.
1511 2456 1578 2505 28,
1606 2457 1645 2497 4.
1674 2454 1714 2496 5.
1743 2455 1783 2496 6.
1812 2455 1882 2504 33,
1911 2453 1979 2495 16.
2008 2453 2076 2501 46,
2106 2453 2173 2494 22.

1288 2530 1356 2579 60,
1380 2531 1446 2572 29.
1470 2530 1538 2578 61,
1561 2530 1626 2571 21.
1650 2529 1719 2578 81,
1743 2529 1807 2570 11.
1832 2528 1901 2577 98,
1924 2528 1990 2569 12.
2016 2527 2110 2575 100,
2133 2526 2172 2567 6.

1290 2604 1384 2653 106,
1424 2605 1487 2646 14.
1528 2604 1620 2652 113,
1658 2603 1725 2645 22.
1765 2602 1859 2651 138,
1897 2602 1964 2643 19.
2003 2600 2096 2649 139,
2132 2601 2172 2641 3.

1290 2677 1383 2727 154,
1417 2679 1485 2720 31.
1523 2677 1617 2727 155,
1652 2677 1692 2719 8.
1728 2701 1781 2706 ——
1814 2689 1903 2718 esse
1939 2687 2035 2715 om..·
2069 2686 2169 2715 eum

1289 2751 1499 2794 uictorem
1558 2749 1780 2806 probabile
1838 2752 1903 2791 est
1978 2747 2046 2796 38,
2106 2748 2172 2788 11.

1288 2825 1459 2875 53,·16.
1496 2826 1561 2867 22.
1599 2850 1650 2854 ——
1685 2823 1770 2865 fuit
1804 2836 1899 2864 oms
1935 2821 1970 2862 si
2005 2833 2173 2875 semper

1288 2900 1393 2941 deus
1416 2899 1554 2940 iustus
1579 2899 1671 2947 161,
1694 2897 1759 2940 18.
1783 2922 1834 2926 ——
1854 2896 2024 2937 uerbum
2046 2893 2173 2935 eundi

1288 2986 1383 3014 om..·
1407 2972 1504 3014 inde
1527 2972 1581 3013 ad
1604 2971 1783 3013 balneas
1806 2971 1871 3019 12,
1892 2969 1932 3011 8.
1956 2994 2008 2998 ——
2030 2967 2171 3023 inquit

1288 3059 1383 3087 om..-
1412 3047 1452 3095 8,
1484 3047 1549 3088 19.
1580 3047 1649 3088 24.
1679 3045 1745 3087 25.
1775 3044 1840 3086 28.
1870 3044 1909 3092 9,
1939 3044 1976 3084 9.
2009 3042 2073 3090 10,
2105 3042 2170 3083 13.

1288 3119 1356 3169 50,
1389 3121 1425 3162 1.
1459 3120 1554 3169 161,
1585 3120 1650 3161 22.
1684 3112 1944 3172 —'inquam
1976 3128 2071 3156 om:
2102 3113 2171 3155 cui

1287 3206 1364 3249 ego
1389 3194 1481 3241 146,
1505 3195 1569 3235 14.
1591 3193 1644 3245 cl.
1665 3193 1733 3240 37,
1754 3192 1793 3232 2.
1814 3191 1853 3231 5.
1875 3190 1914 3231 6.
1940 3214 1990 3217 -
2009 3186 2171 3229 attinet

1288 3281 1383 3308 om..⁸
1408 3266 1515 3308 nihil
1537 3267 1592 3308 ad
1617 3279 1683 3307 me
1708 3266 1775 3313 43,
1800 3265 1866 3305 21.
1892 3263 1958 3304 79.
1983 3262 2048 3303 27.
2076 3262 2171 3308 146,

1289 3341 1354 3382 28.
1377 3340 1480 3395 quid
1501 3341 1557 3381 ad
1577 3338 1676 3380 me?
1698 3338 1766 3386 67,
1787 3338 1826 3379 4.
1849 3361 1900 3365 -—
1919 3334 2022 3376 scire
2044 3333 2169 3389 potui

1288 3427 1382 3455 om:
1409 3427 1486 3468 ego
1513 3426 1614 3454 uero
1642 3411 1765 3467 plura
1792 3410 1860 3458 68,
1889 3409 1954 3450 16.
