<?xml version="1.0" encoding="UTF-8"?>
<!DOCTYPE html PUBLIC "-//W3C//DTD XHTML 1.0 Transitional//EN"
    "http://www.w3.org/TR/xhtml1/DTD/xhtml1-transitional.dtd">
<html xmlns="http://www.w3.org/1999/xhtml" xml:lang="en" lang="en">
 <head>
  <title>
</title>
<meta http-equiv="Content-Type" content="text/html;charset=utf-8" />
  <meta name='ocr-system' content='tesseract 3.04.00' />
  <meta name='ocr-capabilities' content='ocr_page ocr_carea ocr_par ocr_line ocrx_word'/>
</head>
<body>
  <div class='ocr_page' id='page_1' title='image "./sanctiaureliaugu00auguuoft_0257.png"; bbox 0 0 2398 3724; ppageno 0'>
   <div class='ocr_carea' id='block_1_1' title="bbox 710 178 1649 224">
    <p class='ocr_par' dir='ltr' id='par_1_1' title="bbox 710 178 1649 224">
     <span class='ocr_line' id='line_1_1' title="bbox 710 178 1649 224; baseline 0 -2"><span class='ocrx_word' id='word_1_1' title='bbox 710 178 793 223; x_wconf 90' lang='lat' dir='ltr'>III.</span> <span class='ocrx_word' id='word_1_2' title='bbox 836 178 973 223; x_wconf 85' lang='lat' dir='ltr'>Index</span> <span class='ocrx_word' id='word_1_3' title='bbox 1012 179 1243 224; x_wconf 90' lang='lat' dir='ltr'>uerborum</span> <span class='ocrx_word' id='word_1_4' title='bbox 1282 181 1328 223; x_wconf 80' lang='lat' dir='ltr'>et</span> <span class='ocrx_word' id='word_1_5' title='bbox 1364 178 1649 223; x_wconf 88' lang='lat' dir='ltr'>locutionum.</span> 
     </span>
    </p>
   </div>
   <div class='ocr_carea' id='block_1_2' title="bbox 203 341 1167 2470">
    <p class='ocr_par' dir='ltr' id='par_1_2' title="bbox 207 341 1142 398">
     <span class='ocr_line' id='line_1_2' title="bbox 207 341 1142 398; baseline -0.001 -12"><span class='ocrx_word' id='word_1_6' title='bbox 207 342 411 386; x_wconf 78' lang='lat' dir='ltr'>surrectio</span> <span class='ocrx_word' id='word_1_7' title='bbox 434 342 477 384; x_wconf 91' lang='lat' dir='ltr'>in</span> <span class='ocrx_word' id='word_1_8' title='bbox 500 342 630 385; x_wconf 89' lang='lat' dir='ltr'>deum</span> <span class='ocrx_word' id='word_1_9' title='bbox 653 341 972 398; x_wconf 89' lang='lat' dir='ltr'>ueritatemque</span> <span class='ocrx_word' id='word_1_10' title='bbox 991 343 1086 393; x_wconf 94' lang='lat'>141,</span> <span class='ocrx_word' id='word_1_11' title='bbox 1103 343 1142 386; x_wconf 95' lang='lat'>9.</span> 
     </span>
    </p>

    <p class='ocr_par' dir='ltr' id='par_1_3' title="bbox 206 415 1141 609">
     <span class='ocr_line' id='line_1_3' title="bbox 206 415 1141 473; baseline 0 -13"><span class='ocrx_word' id='word_1_12' title='bbox 206 416 418 473; x_wconf 83' lang='lat' dir='ltr'>suscipere</span> <span class='ocrx_word' id='word_1_13' title='bbox 440 416 584 459; x_wconf 83' lang='lat' dir='ltr'>absol.:</span> <span class='ocrx_word' id='word_1_14' title='bbox 607 415 774 472; x_wconf 82' lang='lat' dir='ltr'>suscipe</span> <span class='ocrx_word' id='word_1_15' title='bbox 796 429 873 472; x_wconf 90' lang='lat' dir='ltr'>pro</span> <span class='ocrx_word' id='word_1_16' title='bbox 895 416 961 459; x_wconf 90' lang='lat' dir='ltr'>his</span> <span class='ocrx_word' id='word_1_17' title='bbox 983 415 1052 467; x_wconf 88' lang='lat'>55,</span> <span class='ocrx_word' id='word_1_18' title='bbox 1073 417 1141 460; x_wconf 90' lang='lat'>30.</span> 
     </span>
     <span class='ocr_line' id='line_1_4' title="bbox 262 489 1141 547; baseline 0 -14"><span class='ocrx_word' id='word_1_19' title='bbox 262 495 562 547; x_wconf 89' lang='lat' dir='ltr'>susceptorum</span> <span class='ocrx_word' id='word_1_20' title='bbox 607 495 785 533; x_wconf 90' lang='lat' dir='ltr'>tuorum</span> <span class='ocrx_word' id='word_1_21' title='bbox 833 489 1001 533; x_wconf 88' lang='lat' dir='ltr'>ratione</span> <span class='ocrx_word' id='word_1_22' title='bbox 1048 490 1141 541; x_wconf 90' lang='lat'>152,</span> 
     </span>
     <span class='ocr_line' id='line_1_5' title="bbox 261 566 445 609; baseline 0 -1"><span class='ocrx_word' id='word_1_23' title='bbox 261 566 327 609; x_wconf 91' lang='lat'>23.</span> <span class='ocrx_word' id='word_1_24' title='bbox 380 566 445 608; x_wconf 89' lang='lat'>27.</span> 
     </span>
    </p>

    <p class='ocr_par' dir='ltr' id='par_1_4' title="bbox 206 637 1141 836">
     <span class='ocr_line' id='line_1_6' title="bbox 206 637 1141 695; baseline -0.001 -13"><span class='ocrx_word' id='word_1_25' title='bbox 206 638 447 695; x_wconf 79' lang='lat' dir='ltr'>suspensio:</span> <span class='ocrx_word' id='word_1_26' title='bbox 486 637 745 681; x_wconf 82' lang='lat' dir='ltr'>assensionis</span> <span class='ocrx_word' id='word_1_27' title='bbox 783 639 848 692; x_wconf 88' lang='lat'>(=</span> <span class='ocrx_word' id='word_1_28' title='bbox 881 638 1047 694; x_wconf 85' lang='grc' dir='ltr'>ἐποχή)</span> <span class='ocrx_word' id='word_1_29' title='bbox 1072 638 1141 689; x_wconf 88' lang='grc'>32,</span> 
     </span>
     <span class='ocr_line' id='line_1_7' title="bbox 262 711 1141 768; baseline -0.002 -12"><span class='ocrx_word' id='word_1_30' title='bbox 262 714 327 756; x_wconf 87' lang='grc'>13.</span> <span class='ocrx_word' id='word_1_31' title='bbox 365 713 433 763; x_wconf 87' lang='lat'>53,</span> <span class='ocrx_word' id='word_1_32' title='bbox 472 713 537 756; x_wconf 93' lang='lat'>19.</span> <span class='ocrx_word' id='word_1_33' title='bbox 576 711 855 768; x_wconf 86' lang='lat' dir='ltr'>suspensione</span> <span class='ocrx_word' id='word_1_34' title='bbox 891 715 1025 768; x_wconf 85' lang='lat' dir='ltr'>atque</span> <span class='ocrx_word' id='word_1_35' title='bbox 1063 711 1141 754; x_wconf 87' lang='lat' dir='ltr'>im·</span> 
     </span>
     <span class='ocr_line' id='line_1_8' title="bbox 259 785 1027 836; baseline 0.001 -8"><span class='ocrx_word' id='word_1_36' title='bbox 259 786 505 830; x_wconf 78' lang='lat' dir='ltr'>mobilitate</span> <span class='ocrx_word' id='word_1_37' title='bbox 535 785 831 829; x_wconf 91' lang='lat' dir='ltr'>membrorum</span> <span class='ocrx_word' id='word_1_38' title='bbox 862 786 957 836; x_wconf 90' lang='grc'>140,</span> <span class='ocrx_word' id='word_1_39' title='bbox 989 787 1027 829; x_wconf 96' lang='grc'>1.</span> 
     </span>
    </p>

    <p class='ocr_par' dir='ltr' id='par_1_5' title="bbox 205 859 963 917">
     <span class='ocr_line' id='line_1_9' title="bbox 205 859 963 917; baseline 0 -14"><span class='ocrx_word' id='word_1_40' title='bbox 205 860 411 917; x_wconf 83' lang='lat' dir='ltr'>suspicari</span> <span class='ocrx_word' id='word_1_41' title='bbox 443 859 765 903; x_wconf 84' lang='lat' dir='ltr'>contumaciam</span> <span class='ocrx_word' id='word_1_42' title='bbox 797 859 865 911; x_wconf 90' lang='lat'>25,</span> <span class='ocrx_word' id='word_1_43' title='bbox 896 861 963 903; x_wconf 89' lang='lat'>22.</span> 
     </span>
    </p>

    <p class='ocr_par' dir='ltr' id='par_1_6' title="bbox 205 933 787 991">
     <span class='ocr_line' id='line_1_10' title="bbox 205 933 787 991; baseline -0.003 -14"><span class='ocrx_word' id='word_1_44' title='bbox 205 934 417 991; x_wconf 83' lang='lat' dir='ltr'>suspicere</span> <span class='ocrx_word' id='word_1_45' title='bbox 450 933 617 977; x_wconf 89' lang='lat' dir='ltr'>caelum</span> <span class='ocrx_word' id='word_1_46' title='bbox 648 934 717 985; x_wconf 88' lang='lat'>36,</span> <span class='ocrx_word' id='word_1_47' title='bbox 747 934 787 977; x_wconf 91' lang='lat'>8.</span> 
     </span>
    </p>

    <p class='ocr_par' dir='ltr' id='par_1_7' title="bbox 204 1007 1140 1133">
     <span class='ocr_line' id='line_1_11' title="bbox 204 1007 1140 1063; baseline -0.001 -12"><span class='ocrx_word' id='word_1_48' title='bbox 204 1008 413 1051; x_wconf 90' lang='lat' dir='ltr'>sustinere</span> <span class='ocrx_word' id='word_1_49' title='bbox 461 1007 750 1051; x_wconf 89' lang='lat' dir='ltr'>assensionem</span> <span class='ocrx_word' id='word_1_50' title='bbox 800 1009 872 1063; x_wconf 76' lang='lat' dir='ltr'>(cl.</span> <span class='ocrx_word' id='word_1_51' title='bbox 921 1007 1140 1061; x_wconf 85' lang='lat' dir='ltr'>cohibere)</span> 
     </span>
     <span class='ocr_line' id='line_1_12' title="bbox 260 1083 399 1133; baseline -0.007 -8"><span class='ocrx_word' id='word_1_52' title='bbox 260 1083 328 1133; x_wconf 92' lang='lat'>70,</span> <span class='ocrx_word' id='word_1_53' title='bbox 360 1083 399 1125; x_wconf 93' lang='lat'>9.</span> 
     </span>
    </p>

    <p class='ocr_par' dir='ltr' id='par_1_8' title="bbox 203 1155 1167 2470">
     <span class='ocr_line' id='line_1_13' title="bbox 203 1155 1139 1212; baseline 0 -14"><span class='ocrx_word' id='word_1_54' title='bbox 203 1170 472 1212; x_wconf 72' lang='lat' dir='ltr'>synonyma:</span> <span class='ocrx_word' id='word_1_55' title='bbox 490 1169 642 1199; x_wconf 91' lang='lat' dir='ltr'>somno</span> <span class='ocrx_word' id='word_1_56' title='bbox 661 1160 927 1212; x_wconf 85' lang='lat' dir='ltr'>ueternoque</span> <span class='ocrx_word' id='word_1_57' title='bbox 946 1155 1139 1212; x_wconf 91' lang='lat' dir='ltr'>sopitum</span> 
     </span>
     <span class='ocr_line' id='line_1_14' title="bbox 258 1230 1139 1286; baseline 0 -13"><span class='ocrx_word' id='word_1_58' title='bbox 258 1231 301 1281; x_wconf 87' lang='lat'>5,</span> <span class='ocrx_word' id='word_1_59' title='bbox 334 1232 398 1274; x_wconf 92' lang='lat'>13.</span> <span class='ocrx_word' id='word_1_60' title='bbox 424 1230 739 1286; x_wconf 76' lang='lat' dir='ltr'>praefidentius</span> <span class='ocrx_word' id='word_1_61' title='bbox 764 1230 1043 1286; x_wconf 86' lang='lat' dir='ltr'>apertiusque</span> <span class='ocrx_word' id='word_1_62' title='bbox 1071 1231 1139 1281; x_wconf 88' lang='lat'>22,</span> 
     </span>
     <span class='ocr_line' id='line_1_15' title="bbox 258 1304 1167 1364; baseline 0.001 -18"><span class='ocrx_word' id='word_1_63' title='bbox 258 1304 298 1347; x_wconf 92' lang='lat'>5.</span> <span class='ocrx_word' id='word_1_64' title='bbox 333 1304 523 1347; x_wconf 87' lang='lat' dir='ltr'>inuoluit</span> <span class='ocrx_word' id='word_1_65' title='bbox 556 1308 689 1360; x_wconf 86' lang='lat' dir='ltr'>atque</span> <span class='ocrx_word' id='word_1_66' title='bbox 724 1304 936 1360; x_wconf 89' lang='lat' dir='ltr'>depressit-</span> <span class='ocrx_word' id='word_1_67' title='bbox 970 1306 1037 1356; x_wconf 91' lang='lat'>22,</span> <span class='ocrx_word' id='word_1_68' title='bbox 1072 1304 1167 1364; x_wconf 48' lang='grc' dir='ltr'>15.Ἰ</span> 
     </span>
     <span class='ocr_line' id='line_1_16' title="bbox 259 1378 1138 1434; baseline 0.002 -14"><span class='ocrx_word' id='word_1_69' title='bbox 259 1378 487 1434; x_wconf 87' lang='lat' dir='ltr'>disciplina</span> <span class='ocrx_word' id='word_1_70' title='bbox 537 1383 669 1434; x_wconf 91' lang='lat' dir='ltr'>atque</span> <span class='ocrx_word' id='word_1_71' title='bbox 722 1378 902 1421; x_wconf 88' lang='lat' dir='ltr'>scientia</span> <span class='ocrx_word' id='word_1_72' title='bbox 953 1380 1020 1427; x_wconf 91' lang='lat'>23,</span> <span class='ocrx_word' id='word_1_73' title='bbox 1073 1381 1138 1422; x_wconf 89' lang='lat'>11.</span> 
     </span>
     <span class='ocr_line' id='line_1_17' title="bbox 258 1451 1139 1509; baseline 0.001 -15"><span class='ocrx_word' id='word_1_74' title='bbox 258 1452 328 1495; x_wconf 91' lang='lat' dir='ltr'>uel</span> <span class='ocrx_word' id='word_1_75' title='bbox 352 1451 571 1495; x_wconf 91' lang='lat' dir='ltr'>calumnia</span> <span class='ocrx_word' id='word_1_76' title='bbox 595 1452 665 1495; x_wconf 89' lang='lat' dir='ltr'>uel</span> <span class='ocrx_word' id='word_1_77' title='bbox 688 1452 929 1508; x_wconf 84' lang='lat' dir='ltr'>pertinacia</span> <span class='ocrx_word' id='word_1_78' title='bbox 953 1452 1023 1495; x_wconf 89' lang='lat' dir='ltr'>uel</span> <span class='ocrx_word' id='word_1_79' title='bbox 1046 1466 1139 1509; x_wconf 91' lang='lat' dir='ltr'>per-</span> 
     </span>
     <span class='ocr_line' id='line_1_18' title="bbox 257 1526 1138 1577; baseline 0.002 -9"><span class='ocrx_word' id='word_1_80' title='bbox 257 1526 423 1569; x_wconf 91' lang='lat' dir='ltr'>uicacia</span> <span class='ocrx_word' id='word_1_81' title='bbox 445 1527 512 1577; x_wconf 90' lang='lat'>23,</span> <span class='ocrx_word' id='word_1_82' title='bbox 535 1528 600 1570; x_wconf 92' lang='lat'>13.</span> <span class='ocrx_word' id='word_1_83' title='bbox 622 1527 820 1569; x_wconf 87' lang='lat' dir='ltr'>socordia</span> <span class='ocrx_word' id='word_1_84' title='bbox 839 1526 910 1570; x_wconf 93' lang='lat' dir='ltr'>uel</span> <span class='ocrx_word' id='word_1_85' title='bbox 929 1527 1138 1570; x_wconf 81' lang='lat' dir='ltr'>tarditate</span> 
     </span>
     <span class='ocr_line' id='line_1_19' title="bbox 259 1600 1139 1657; baseline 0 -13"><span class='ocrx_word' id='word_1_86' title='bbox 259 1601 326 1651; x_wconf 89' lang='grc'>23,</span> <span class='ocrx_word' id='word_1_87' title='bbox 358 1601 423 1644; x_wconf 89' lang='grc'>18.</span> <span class='ocrx_word' id='word_1_88' title='bbox 453 1600 686 1643; x_wconf 89' lang='lat' dir='ltr'>deuotione</span> <span class='ocrx_word' id='word_1_89' title='bbox 716 1606 849 1657; x_wconf 87' lang='lat' dir='ltr'>atque</span> <span class='ocrx_word' id='word_1_90' title='bbox 878 1600 1042 1657; x_wconf 87' lang='lat' dir='ltr'>pietate</span> <span class='ocrx_word' id='word_1_91' title='bbox 1072 1602 1139 1651; x_wconf 88' lang='grc'>24,</span> 
     </span>
     <span class='ocr_line' id='line_1_20' title="bbox 257 1673 1137 1731; baseline 0.002 -15"><span class='ocrx_word' id='word_1_92' title='bbox 257 1676 297 1717; x_wconf 90' lang='lat'>4.</span> <span class='ocrx_word' id='word_1_93' title='bbox 324 1673 367 1716; x_wconf 91' lang='lat' dir='ltr'>in</span> <span class='ocrx_word' id='word_1_94' title='bbox 393 1675 612 1717; x_wconf 87' lang='lat' dir='ltr'>horrorem</span> <span class='ocrx_word' id='word_1_95' title='bbox 641 1681 950 1731; x_wconf 88' lang='lat' dir='ltr'>stuporemque</span> <span class='ocrx_word' id='word_1_96' title='bbox 978 1677 1046 1726; x_wconf 92' lang='lat'>24,</span> <span class='ocrx_word' id='word_1_97' title='bbox 1072 1675 1137 1718; x_wconf 92' lang='lat'>25.</span> 
     </span>
     <span class='ocr_line' id='line_1_21' title="bbox 257 1749 1138 1792; baseline 0.001 -2"><span class='ocrx_word' id='word_1_98' title='bbox 257 1752 334 1790; x_wconf 88' lang='lat' dir='ltr'>aut</span> <span class='ocrx_word' id='word_1_99' title='bbox 351 1762 373 1790; x_wconf 87' lang='lat' dir='ltr'>a</span> <span class='ocrx_word' id='word_1_100' title='bbox 393 1749 589 1791; x_wconf 89' lang='lat' dir='ltr'>socordia</span> <span class='ocrx_word' id='word_1_101' title='bbox 604 1762 774 1791; x_wconf 91' lang='lat' dir='ltr'>morum</span> <span class='ocrx_word' id='word_1_102' title='bbox 793 1754 870 1792; x_wconf 89' lang='lat' dir='ltr'>aut</span> <span class='ocrx_word' id='word_1_103' title='bbox 886 1763 911 1791; x_wconf 91' lang='lat' dir='ltr'>a</span> <span class='ocrx_word' id='word_1_104' title='bbox 928 1749 1138 1792; x_wconf 86' lang='lat' dir='ltr'>tarditate</span> 
     </span>
     <span class='ocr_line' id='line_1_22' title="bbox 259 1822 1141 1879; baseline 0.001 -15"><span class='ocrx_word' id='word_1_105' title='bbox 259 1823 325 1872; x_wconf 87' lang='lat'>25,</span> <span class='ocrx_word' id='word_1_106' title='bbox 354 1824 394 1866; x_wconf 95' lang='lat'>3.</span> <span class='ocrx_word' id='word_1_107' title='bbox 425 1827 474 1864; x_wconf 92' lang='lat' dir='ltr'>tu</span> <span class='ocrx_word' id='word_1_108' title='bbox 503 1822 726 1873; x_wconf 85' lang='lat' dir='ltr'>animasti,</span> <span class='ocrx_word' id='word_1_109' title='bbox 755 1827 804 1865; x_wconf 91' lang='lat' dir='ltr'>tu</span> <span class='ocrx_word' id='word_1_110' title='bbox 834 1822 1062 1879; x_wconf 89' lang='lat' dir='ltr'>impulisti,</span> <span class='ocrx_word' id='word_1_111' title='bbox 1091 1828 1141 1866; x_wconf 91' lang='lat' dir='ltr'>tu</span> 
     </span>
     <span class='ocr_line' id='line_1_23' title="bbox 257 1896 1138 1953; baseline 0.002 -15"><span class='ocrx_word' id='word_1_112' title='bbox 257 1896 396 1938; x_wconf 87' lang='lat' dir='ltr'>fecisti</span> <span class='ocrx_word' id='word_1_113' title='bbox 425 1897 493 1947; x_wconf 88' lang='lat'>25,</span> <span class='ocrx_word' id='word_1_114' title='bbox 520 1898 560 1940; x_wconf 89' lang='lat'>3.</span> <span class='ocrx_word' id='word_1_115' title='bbox 589 1897 750 1953; x_wconf 85' lang='lat' dir='ltr'>respiro</span> <span class='ocrx_word' id='word_1_116' title='bbox 780 1896 982 1953; x_wconf 85' lang='lat' dir='ltr'>resipisco</span> <span class='ocrx_word' id='word_1_117' title='bbox 1014 1898 1138 1940; x_wconf 92' lang='lat' dir='ltr'>redeo</span> 
     </span>
     <span class='ocr_line' id='line_1_24' title="bbox 257 1970 1139 2027; baseline 0.002 -15"><span class='ocrx_word' id='word_1_118' title='bbox 257 1970 311 2012; x_wconf 89' lang='lat' dir='ltr'>ad</span> <span class='ocrx_word' id='word_1_119' title='bbox 365 1984 432 2013; x_wconf 88' lang='lat' dir='ltr'>me</span> <span class='ocrx_word' id='word_1_120' title='bbox 487 1971 555 2021; x_wconf 89' lang='lat'>26,</span> <span class='ocrx_word' id='word_1_121' title='bbox 611 1973 648 2013; x_wconf 92' lang='lat'>1.</span> <span class='ocrx_word' id='word_1_122' title='bbox 708 1971 953 2014; x_wconf 88' lang='lat' dir='ltr'>fomentum</span> <span class='ocrx_word' id='word_1_123' title='bbox 1007 1976 1139 2027; x_wconf 88' lang='lat' dir='ltr'>atque</span> 
     </span>
     <span class='ocr_line' id='line_1_25' title="bbox 257 2044 1139 2095; baseline 0.003 -10"><span class='ocrx_word' id='word_1_124' title='bbox 257 2044 544 2086; x_wconf 82' lang='lat' dir='ltr'>retinaculum</span> <span class='ocrx_word' id='word_1_125' title='bbox 568 2046 635 2095; x_wconf 87' lang='lat'>27,</span> <span class='ocrx_word' id='word_1_126' title='bbox 669 2047 706 2087; x_wconf 94' lang='lat'>1.</span> <span class='ocrx_word' id='word_1_127' title='bbox 738 2045 901 2088; x_wconf 91' lang='lat' dir='ltr'>mirans</span> <span class='ocrx_word' id='word_1_128' title='bbox 931 2045 1139 2088; x_wconf 87' lang='lat' dir='ltr'>anhelans</span> 
     </span>
     <span class='ocr_line' id='line_1_26' title="bbox 255 2119 1140 2174; baseline 0.002 -15"><span class='ocrx_word' id='word_1_129' title='bbox 255 2123 460 2160; x_wconf 89' lang='lat' dir='ltr'>aestuans</span> <span class='ocrx_word' id='word_1_130' title='bbox 485 2119 554 2168; x_wconf 90' lang='lat'>27,</span> <span class='ocrx_word' id='word_1_131' title='bbox 580 2120 644 2160; x_wconf 91' lang='lat'>17.</span> <span class='ocrx_word' id='word_1_132' title='bbox 670 2119 885 2174; x_wconf 90' lang='lat' dir='ltr'>uigentior</span> <span class='ocrx_word' id='word_1_133' title='bbox 908 2124 953 2162; x_wconf 91' lang='lat' dir='ltr'>et</span> <span class='ocrx_word' id='word_1_134' title='bbox 975 2119 1140 2162; x_wconf 88' lang='lat' dir='ltr'>firmior</span> 
     </span>
     <span class='ocr_line' id='line_1_27' title="bbox 257 2192 1139 2249; baseline 0.002 -16"><span class='ocrx_word' id='word_1_135' title='bbox 257 2192 324 2241; x_wconf 92' lang='lat'>28,</span> <span class='ocrx_word' id='word_1_136' title='bbox 362 2192 428 2234; x_wconf 86' lang='lat'>25.</span> <span class='ocrx_word' id='word_1_137' title='bbox 467 2192 646 2235; x_wconf 89' lang='lat' dir='ltr'>dissolui</span> <span class='ocrx_word' id='word_1_138' title='bbox 683 2192 928 2249; x_wconf 90' lang='lat' dir='ltr'>discutique</span> <span class='ocrx_word' id='word_1_139' title='bbox 965 2195 1034 2244; x_wconf 90' lang='lat'>33,</span> <span class='ocrx_word' id='word_1_140' title='bbox 1074 2195 1139 2236; x_wconf 87' lang='lat'>17.</span> 
     </span>
     <span class='ocr_line' id='line_1_28' title="bbox 258 2266 1141 2317; baseline 0.003 -11"><span class='ocrx_word' id='word_1_141' title='bbox 258 2266 361 2307; x_wconf 86' lang='lat' dir='ltr'>rude</span> <span class='ocrx_word' id='word_1_142' title='bbox 398 2279 447 2307; x_wconf 87' lang='lat' dir='ltr'>ac</span> <span class='ocrx_word' id='word_1_143' title='bbox 483 2280 648 2308; x_wconf 90' lang='lat' dir='ltr'>nouum</span> <span class='ocrx_word' id='word_1_144' title='bbox 686 2268 754 2317; x_wconf 92' lang='lat'>33,</span> <span class='ocrx_word' id='word_1_145' title='bbox 792 2267 858 2309; x_wconf 90' lang='lat'>25.</span> <span class='ocrx_word' id='word_1_146' title='bbox 895 2267 1061 2309; x_wconf 87' lang='lat' dir='ltr'>firmior</span> <span class='ocrx_word' id='word_1_147' title='bbox 1096 2274 1141 2310; x_wconf 88' lang='lat' dir='ltr'>et</span> 
     </span>
     <span class='ocr_line' id='line_1_29' title="bbox 257 2339 1139 2396; baseline 0.003 -16"><span class='ocrx_word' id='word_1_148' title='bbox 257 2339 471 2382; x_wconf 86' lang='lat' dir='ltr'>ualentior</span> <span class='ocrx_word' id='word_1_149' title='bbox 503 2340 573 2390; x_wconf 87' lang='lat'>36,</span> <span class='ocrx_word' id='word_1_150' title='bbox 606 2341 673 2383; x_wconf 89' lang='lat'>23.</span> <span class='ocrx_word' id='word_1_151' title='bbox 707 2341 880 2396; x_wconf 82' lang='lat' dir='ltr'>aggredi</span> <span class='ocrx_word' id='word_1_152' title='bbox 913 2355 962 2383; x_wconf 90' lang='lat' dir='ltr'>ac</span> <span class='ocrx_word' id='word_1_153' title='bbox 997 2341 1139 2384; x_wconf 90' lang='lat' dir='ltr'>subire</span> 
     </span>
     <span class='ocr_line' id='line_1_30' title="bbox 256 2413 1139 2470; baseline 0.002 -15"><span class='ocrx_word' id='word_1_154' title='bbox 256 2414 325 2463; x_wconf 89' lang='lat'>39,</span> <span class='ocrx_word' id='word_1_155' title='bbox 346 2414 411 2456; x_wconf 90' lang='lat'>18.</span> <span class='ocrx_word' id='word_1_156' title='bbox 431 2413 550 2469; x_wconf 87' lang='lat' dir='ltr'>piger</span> <span class='ocrx_word' id='word_1_157' title='bbox 568 2419 611 2456; x_wconf 88' lang='lat' dir='ltr'>et</span> <span class='ocrx_word' id='word_1_158' title='bbox 631 2428 806 2469; x_wconf 86' lang='lat' dir='ltr'>prorsus</span> <span class='ocrx_word' id='word_1_159' title='bbox 826 2415 966 2470; x_wconf 87' lang='lat' dir='ltr'>segnis</span> <span class='ocrx_word' id='word_1_160' title='bbox 984 2416 1053 2465; x_wconf 90' lang='lat'>39,</span> <span class='ocrx_word' id='word_1_161' title='bbox 1073 2417 1139 2459; x_wconf 90' lang='lat'>23.</span> 
     </span>
    </p>
   </div>
   <div class='ocr_carea' id='block_1_3' title="bbox 256 2485 1187 2545">
    <p class='ocr_par' dir='ltr' id='par_1_9' title="bbox 256 2485 1187 2545">
     <span class='ocr_line' id='line_1_31' title="bbox 256 2485 1187 2545; baseline 0.005 -18"><span class='ocrx_word' id='word_1_162' title='bbox 256 2485 416 2528; x_wconf 88' lang='lat' dir='ltr'>lassum</span> <span class='ocrx_word' id='word_1_163' title='bbox 450 2492 808 2543; x_wconf 84' lang='lat' dir='ltr'>prostratumque</span> <span class='ocrx_word' id='word_1_164' title='bbox 842 2490 910 2539; x_wconf 87' lang='lat'>43,</span> <span class='ocrx_word' id='word_1_165' title='bbox 944 2490 1009 2531; x_wconf 88' lang='lat'>17.</span> <span class='ocrx_word' id='word_1_166' title='bbox 1043 2503 1140 2545; x_wconf 88' lang='lat' dir='ltr'>pro·</span> <span class='ocrx_word' id='word_1_167' title='bbox 1186 2539 1187 2543; x_wconf 10' lang='grc' dir='ltr'><strong>Ἰ</strong></span> 
     </span>
    </p>
   </div>
   <div class='ocr_carea' id='block_1_4' title="bbox 251 2560 1139 3499">
    <p class='ocr_par' dir='ltr' id='par_1_10' title="bbox 251 2560 1139 3499">
     <span class='ocr_line' id='line_1_32' title="bbox 256 2560 1139 2613; baseline 0.003 -12"><span class='ocrx_word' id='word_1_168' title='bbox 256 2560 397 2603; x_wconf 86' lang='lat' dir='ltr'>babile</span> <span class='ocrx_word' id='word_1_169' title='bbox 440 2574 488 2603; x_wconf 83' lang='lat' dir='ltr'>ac</span> <span class='ocrx_word' id='word_1_170' title='bbox 530 2561 619 2604; x_wconf 90' lang='lat' dir='ltr'>ueri</span> <span class='ocrx_word' id='word_1_171' title='bbox 662 2561 797 2604; x_wconf 79' lang='lat' dir='ltr'>simile</span> <span class='ocrx_word' id='word_1_172' title='bbox 840 2562 907 2613; x_wconf 89' lang='lat'>45,</span> <span class='ocrx_word' id='word_1_173' title='bbox 950 2564 1015 2605; x_wconf 90' lang='lat'>22.</span> <span class='ocrx_word' id='word_1_174' title='bbox 1058 2563 1139 2605; x_wconf 80' lang='lat' dir='ltr'>sibi</span> 
     </span>
     <span class='ocr_line' id='line_1_33' title="bbox 256 2635 1138 2690; baseline 0.003 -15"><span class='ocrx_word' id='word_1_175' title='bbox 256 2639 435 2690; x_wconf 87' lang='lat' dir='ltr'>usurpet</span> <span class='ocrx_word' id='word_1_176' title='bbox 485 2648 535 2677; x_wconf 88' lang='lat' dir='ltr'>ac</span> <span class='ocrx_word' id='word_1_177' title='bbox 575 2635 766 2678; x_wconf 87' lang='lat' dir='ltr'>uindicet</span> <span class='ocrx_word' id='word_1_178' title='bbox 806 2637 874 2686; x_wconf 92' lang='lat'>46,</span> <span class='ocrx_word' id='word_1_179' title='bbox 913 2637 952 2680; x_wconf 90' lang='lat'>8.</span> <span class='ocrx_word' id='word_1_180' title='bbox 987 2638 1138 2680; x_wconf 89' lang='lat' dir='ltr'>eadem</span> 
     </span>
     <span class='ocr_line' id='line_1_34' title="bbox 258 2710 1139 2765; baseline 0.006 -16"><span class='ocrx_word' id='word_1_181' title='bbox 258 2714 526 2763; x_wconf 84' lang='lat' dir='ltr'>repugnante</span> <span class='ocrx_word' id='word_1_182' title='bbox 577 2715 710 2765; x_wconf 89' lang='lat' dir='ltr'>atque</span> <span class='ocrx_word' id='word_1_183' title='bbox 763 2710 903 2752; x_wconf 90' lang='lat' dir='ltr'>inuita</span> <span class='ocrx_word' id='word_1_184' title='bbox 953 2712 1021 2761; x_wconf 87' lang='lat'>46,</span> <span class='ocrx_word' id='word_1_185' title='bbox 1072 2713 1139 2754; x_wconf 89' lang='grc'>21.</span> 
     </span>
     <span class='ocr_line' id='line_1_35' title="bbox 258 2780 1138 2841; baseline 0.006 -19"><span class='ocrx_word' id='word_1_186' title='bbox 258 2780 400 2824; x_wconf 90' lang='lat' dir='ltr'>uiuere</span> <span class='ocrx_word' id='word_1_187' title='bbox 423 2796 473 2824; x_wconf 90' lang='lat' dir='ltr'>ac</span> <span class='ocrx_word' id='word_1_188' title='bbox 496 2782 638 2825; x_wconf 88' lang='lat' dir='ltr'>ualere</span> <span class='ocrx_word' id='word_1_189' title='bbox 662 2785 731 2834; x_wconf 92' lang='lat'>47,</span> <span class='ocrx_word' id='word_1_190' title='bbox 754 2786 792 2826; x_wconf 93' lang='lat'>2.</span> <span class='ocrx_word' id='word_1_191' title='bbox 816 2784 982 2826; x_wconf 83' lang='lat' dir='ltr'>abicere</span> <span class='ocrx_word' id='word_1_192' title='bbox 1007 2790 1138 2841; x_wconf 90' lang='lat' dir='ltr'>atque</span> 
     </span>
     <span class='ocr_line' id='line_1_36' title="bbox 257 2858 1136 2907; baseline 0.007 -12"><span class='ocrx_word' id='word_1_193' title='bbox 257 2863 530 2899; x_wconf 86' lang='lat' dir='ltr'>contemnere</span> <span class='ocrx_word' id='word_1_194' title='bbox 594 2858 661 2907; x_wconf 88' lang='lat'>47,</span> <span class='ocrx_word' id='word_1_195' title='bbox 725 2860 790 2899; x_wconf 84' lang='lat'>11.</span> <span class='ocrx_word' id='word_1_196' title='bbox 858 2859 913 2900; x_wconf 84' lang='lat' dir='ltr'>ad</span> <span class='ocrx_word' id='word_1_197' title='bbox 977 2859 1136 2901; x_wconf 86' lang='lat' dir='ltr'>calcem</span> 
     </span>
     <span class='ocr_line' id='line_1_37' title="bbox 258 2928 1136 2984; baseline 0.007 -15"><span class='ocrx_word' id='word_1_198' title='bbox 258 2928 449 2984; x_wconf 74' lang='lat' dir='ltr'>finesque</span> <span class='ocrx_word' id='word_1_199' title='bbox 483 2931 551 2980; x_wconf 92' lang='lat'>49,</span> <span class='ocrx_word' id='word_1_200' title='bbox 606 2933 670 2973; x_wconf 89' lang='lat'>11.</span> <span class='ocrx_word' id='word_1_201' title='bbox 721 2935 846 2973; x_wconf 85' lang='lat' dir='ltr'>acute</span> <span class='ocrx_word' id='word_1_202' title='bbox 900 2945 950 2974; x_wconf 91' lang='lat' dir='ltr'>ac</span> <span class='ocrx_word' id='word_1_203' title='bbox 1003 2933 1136 2975; x_wconf 87' lang='lat' dir='ltr'>subti-</span> 
     </span>
     <span class='ocr_line' id='line_1_38' title="bbox 256 3001 1137 3062; baseline 0.007 -19"><span class='ocrx_word' id='word_1_204' title='bbox 256 3001 352 3044; x_wconf 90' lang='lat' dir='ltr'>liter</span> <span class='ocrx_word' id='word_1_205' title='bbox 405 3004 475 3053; x_wconf 83' lang='lat'>49,</span> <span class='ocrx_word' id='word_1_206' title='bbox 546 3005 611 3046; x_wconf 93' lang='lat'>22.</span> <span class='ocrx_word' id='word_1_207' title='bbox 688 3005 928 3061; x_wconf 89' lang='lat' dir='ltr'>relinquere</span> <span class='ocrx_word' id='word_1_208' title='bbox 1005 3011 1137 3062; x_wconf 88' lang='lat' dir='ltr'>atque</span> 
     </span>
     <span class='ocr_line' id='line_1_39' title="bbox 256 3075 1138 3131; baseline 0.008 -15"><span class='ocrx_word' id='word_1_209' title='bbox 256 3075 473 3131; x_wconf 86' lang='lat' dir='ltr'>neglegere</span> <span class='ocrx_word' id='word_1_210' title='bbox 531 3078 599 3128; x_wconf 88' lang='lat'>50,</span> <span class='ocrx_word' id='word_1_211' title='bbox 637 3080 701 3121; x_wconf 91' lang='lat'>10.</span> <span class='ocrx_word' id='word_1_212' title='bbox 760 3079 907 3121; x_wconf 89' lang='lat' dir='ltr'>inania</span> <span class='ocrx_word' id='word_1_213' title='bbox 946 3085 991 3122; x_wconf 88' lang='lat' dir='ltr'>et</span> <span class='ocrx_word' id='word_1_214' title='bbox 1036 3094 1138 3123; x_wconf 89' lang='lat' dir='ltr'>uen-</span> 
     </span>
     <span class='ocr_line' id='line_1_40' title="bbox 257 3150 1138 3208; baseline 0.007 -18"><span class='ocrx_word' id='word_1_215' title='bbox 257 3155 353 3191; x_wconf 87' lang='lat' dir='ltr'>tosa</span> <span class='ocrx_word' id='word_1_216' title='bbox 387 3150 507 3205; x_wconf 89' lang='lat' dir='ltr'>sequi</span> <span class='ocrx_word' id='word_1_217' title='bbox 542 3156 587 3193; x_wconf 91' lang='lat' dir='ltr'>et</span> <span class='ocrx_word' id='word_1_218' title='bbox 625 3152 819 3208; x_wconf 87' lang='lat' dir='ltr'>colligere</span> <span class='ocrx_word' id='word_1_219' title='bbox 858 3154 927 3204; x_wconf 90' lang='lat'>58,</span> <span class='ocrx_word' id='word_1_220' title='bbox 956 3155 1020 3196; x_wconf 91' lang='lat'>16.</span> <span class='ocrx_word' id='word_1_221' title='bbox 1049 3154 1138 3196; x_wconf 87' lang='lat' dir='ltr'>fixa</span> 
     </span>
     <span class='ocr_line' id='line_1_41' title="bbox 251 3224 1136 3282; baseline 0.008 -19"><span class='ocrx_word' id='word_1_222' title='bbox 251 3230 382 3276; x_wconf 88' lang='lat' dir='ltr'>atque</span> <span class='ocrx_word' id='word_1_223' title='bbox 424 3224 612 3266; x_wconf 86' lang='lat' dir='ltr'>fundata</span> <span class='ocrx_word' id='word_1_224' title='bbox 657 3226 726 3274; x_wconf 89' lang='lat'>62,</span> <span class='ocrx_word' id='word_1_225' title='bbox 759 3227 825 3268; x_wconf 89' lang='lat'>27.</span> <span class='ocrx_word' id='word_1_226' title='bbox 872 3226 1049 3282; x_wconf 81' lang='lat' dir='ltr'>flagitiis</span> <span class='ocrx_word' id='word_1_227' title='bbox 1087 3242 1136 3270; x_wconf 89' lang='lat' dir='ltr'>ac</span> 
     </span>
     <span class='ocr_line' id='line_1_42' title="bbox 257 3295 1135 3353; baseline 0.008 -17"><span class='ocrx_word' id='word_1_228' title='bbox 257 3295 520 3339; x_wconf 82' lang='lat' dir='ltr'>facinoribus</span> <span class='ocrx_word' id='word_1_229' title='bbox 563 3299 632 3347; x_wconf 91' lang='lat'>74,</span> <span class='ocrx_word' id='word_1_230' title='bbox 673 3300 725 3340; x_wconf 92' lang='lat'>25</span> <span class='ocrx_word' id='word_1_231' title='bbox 775 3300 845 3351; x_wconf 76' lang='lat' dir='ltr'>(cl.</span> <span class='ocrx_word' id='word_1_232' title='bbox 895 3300 1017 3353; x_wconf 70' lang='lat' dir='ltr'>Cous.</span> <span class='ocrx_word' id='word_1_233' title='bbox 1056 3301 1135 3343; x_wconf 95' lang='lat' dir='ltr'>III</span> 
     </span>
     <span class='ocr_line' id='line_1_43' title="bbox 257 3369 1137 3429; baseline 0.008 -20"><span class='ocrx_word' id='word_1_234' title='bbox 257 3372 296 3418; x_wconf 71' lang='lat'>8,</span> <span class='ocrx_word' id='word_1_235' title='bbox 352 3369 404 3410; x_wconf 82' lang='lat'>15</span> <span class='ocrx_word' id='word_1_236' title='bbox 465 3371 583 3425; x_wconf 55' lang='lat' dir='ltr'>sqq).</span> <span class='ocrx_word' id='word_1_237' title='bbox 664 3371 955 3416; x_wconf 83' lang='lat' dir='ltr'>sollertissime</span> <span class='ocrx_word' id='word_1_238' title='bbox 1037 3388 1137 3429; x_wconf 89' lang='lat' dir='ltr'>pru-</span> 
     </span>
     <span class='ocr_line' id='line_1_44' title="bbox 256 3441 1135 3499; baseline 0.009 -16"><span class='ocrx_word' id='word_1_239' title='bbox 256 3441 591 3499; x_wconf 85' lang='lat' dir='ltr'>dentissimeque</span> <span class='ocrx_word' id='word_1_240' title='bbox 627 3445 695 3495; x_wconf 88' lang='lat'>75,</span> <span class='ocrx_word' id='word_1_241' title='bbox 730 3447 795 3487; x_wconf 90' lang='lat'>11.</span> <span class='ocrx_word' id='word_1_242' title='bbox 830 3446 1135 3491; x_wconf 87' lang='lat' dir='ltr'>conuellendos</span> 
     </span>
    </p>
   </div>
   <div class='ocr_carea' id='block_1_5' title="bbox 1184 2143 1188 3058">
    <p class='ocr_par' dir='ltr' id='par_1_11' title="bbox 1184 2143 1188 3058">
     <span class='ocr_line' id='line_1_45' title="bbox 1184 2143 1188 3058; baseline 0 0"><span class='ocrx_word' id='word_1_243' title='bbox 1184 2143 1188 3058; x_wconf 95' lang='lat' dir='ltr'> </span> 
     </span>
    </p>
   </div>
   <div class='ocr_carea' id='block_1_6' title="bbox 2077 176 2172 228">
    <p class='ocr_par' dir='ltr' id='par_1_12' title="bbox 2077 176 2172 228">
     <span class='ocr_line' id='line_1_46' title="bbox 2077 176 2172 228; baseline 0.011 -1"><span class='ocrx_word' id='word_1_244' title='bbox 2077 176 2172 228; x_wconf 89' lang='lat'>217</span> 
     </span>
    </p>
   </div>
   <div class='ocr_carea' id='block_1_7' title="bbox 1287 343 2174 2252">
    <p class='ocr_par' dir='ltr' id='par_1_13' title="bbox 1287 343 2174 2252">
     <span class='ocr_line' id='line_1_47' title="bbox 1290 343 2173 399; baseline 0.001 -13"><span class='ocrx_word' id='word_1_245' title='bbox 1290 343 1635 399; x_wconf 88' lang='lat' dir='ltr'>euertendosque</span> <span class='ocrx_word' id='word_1_246' title='bbox 1689 343 1756 394; x_wconf 89' lang='lat'>77,</span> <span class='ocrx_word' id='word_1_247' title='bbox 1809 344 1876 386; x_wconf 89' lang='lat'>27.</span> <span class='ocrx_word' id='word_1_248' title='bbox 1929 343 2173 399; x_wconf 88' lang='lat' dir='ltr'>peruicacia</span> 
     </span>
     <span class='ocr_line' id='line_1_48' title="bbox 1290 416 2171 474; baseline 0.001 -14"><span class='ocrx_word' id='word_1_249' title='bbox 1290 416 1616 473; x_wconf 83' lang='lat' dir='ltr'>pertinaciaque</span> <span class='ocrx_word' id='word_1_250' title='bbox 1642 418 1710 468; x_wconf 91' lang='lat'>79,</span> <span class='ocrx_word' id='word_1_251' title='bbox 1734 419 1774 460; x_wconf 88' lang='lat'>4.</span> <span class='ocrx_word' id='word_1_252' title='bbox 1799 416 2012 460; x_wconf 88' lang='lat' dir='ltr'>declinare</span> <span class='ocrx_word' id='word_1_253' title='bbox 2037 421 2171 474; x_wconf 87' lang='lat' dir='ltr'>atque</span> 
     </span>
     <span class='ocr_line' id='line_1_49' title="bbox 1290 490 2174 542; baseline 0.002 -9"><span class='ocrx_word' id='word_1_254' title='bbox 1290 490 1563 534; x_wconf 88' lang='lat' dir='ltr'>summittere</span> <span class='ocrx_word' id='word_1_255' title='bbox 1586 491 1655 542; x_wconf 89' lang='lat'>79,</span> <span class='ocrx_word' id='word_1_256' title='bbox 1677 492 1743 535; x_wconf 90' lang='lat'>23.</span> <span class='ocrx_word' id='word_1_257' title='bbox 1764 495 1897 534; x_wconf 88' lang='lat' dir='ltr'>nutat</span> <span class='ocrx_word' id='word_1_258' title='bbox 1917 496 1962 534; x_wconf 84' lang='lat' dir='ltr'>et</span> <span class='ocrx_word' id='word_1_259' title='bbox 1982 491 2174 535; x_wconf 82' lang='lat' dir='ltr'>fluctuat</span> 
     </span>
     <span class='ocr_line' id='line_1_50' title="bbox 1291 564 2170 621; baseline 0.001 -13"><span class='ocrx_word' id='word_1_260' title='bbox 1291 566 1359 615; x_wconf 89' lang='lat'>92,</span> <span class='ocrx_word' id='word_1_261' title='bbox 1383 565 1449 608; x_wconf 90' lang='lat'>22.</span> <span class='ocrx_word' id='word_1_262' title='bbox 1473 564 1697 607; x_wconf 92' lang='lat' dir='ltr'>uinculum</span> <span class='ocrx_word' id='word_1_263' title='bbox 1722 569 1855 621; x_wconf 89' lang='lat' dir='ltr'>atque</span> <span class='ocrx_word' id='word_1_264' title='bbox 1880 565 2170 609; x_wconf 91' lang='lat' dir='ltr'>conmercium</span> 
     </span>
     <span class='ocr_line' id='line_1_51' title="bbox 1290 638 2171 696; baseline 0.001 -14"><span class='ocrx_word' id='word_1_265' title='bbox 1290 639 1358 689; x_wconf 91' lang='lat'>92,</span> <span class='ocrx_word' id='word_1_266' title='bbox 1409 640 1475 682; x_wconf 91' lang='lat'>24.</span> <span class='ocrx_word' id='word_1_267' title='bbox 1527 639 1582 681; x_wconf 92' lang='lat' dir='ltr'>ad</span> <span class='ocrx_word' id='word_1_268' title='bbox 1634 638 1926 695; x_wconf 91' lang='lat' dir='ltr'>conplendum</span> <span class='ocrx_word' id='word_1_269' title='bbox 1976 653 2028 683; x_wconf 87' lang='lat' dir='ltr'>ac</span> <span class='ocrx_word' id='word_1_270' title='bbox 2077 653 2171 696; x_wconf 89' lang='lat' dir='ltr'>per·-</span> 
     </span>
     <span class='ocr_line' id='line_1_52' title="bbox 1290 712 2172 764; baseline 0.003 -10"><span class='ocrx_word' id='word_1_271' title='bbox 1290 712 1526 755; x_wconf 83' lang='lat' dir='ltr'>ficiendum</span> <span class='ocrx_word' id='word_1_272' title='bbox 1559 712 1779 756; x_wconf 90' lang='lat' dir='ltr'>hominem</span> <span class='ocrx_word' id='word_1_273' title='bbox 1814 714 1883 764; x_wconf 89' lang='lat'>94,</span> <span class='ocrx_word' id='word_1_274' title='bbox 1916 714 1982 757; x_wconf 93' lang='lat'>10.</span> <span class='ocrx_word' id='word_1_275' title='bbox 2015 727 2172 757; x_wconf 90' lang='lat' dir='ltr'>manus</span> 
     </span>
     <span class='ocr_line' id='line_1_53' title="bbox 1288 787 2172 843; baseline 0.002 -14"><span class='ocrx_word' id='word_1_276' title='bbox 1288 791 1422 843; x_wconf 89' lang='lat' dir='ltr'>atque</span> <span class='ocrx_word' id='word_1_277' title='bbox 1460 800 1629 829; x_wconf 89' lang='lat' dir='ltr'>morsus</span> <span class='ocrx_word' id='word_1_278' title='bbox 1667 787 1885 830; x_wconf 90' lang='lat' dir='ltr'>abstinere</span> <span class='ocrx_word' id='word_1_279' title='bbox 1925 787 1993 838; x_wconf 88' lang='lat'>95,</span> <span class='ocrx_word' id='word_1_280' title='bbox 2030 788 2070 831; x_wconf 87' lang='lat'>8.</span> <span class='ocrx_word' id='word_1_281' title='bbox 2108 802 2172 831; x_wconf 89' lang='lat' dir='ltr'>re-</span> 
     </span>
     <span class='ocr_line' id='line_1_54' title="bbox 1289 861 2170 917; baseline 0.001 -13"><span class='ocrx_word' id='word_1_282' title='bbox 1289 864 1444 904; x_wconf 89' lang='lat' dir='ltr'>cusant</span> <span class='ocrx_word' id='word_1_283' title='bbox 1476 865 1521 904; x_wconf 88' lang='lat' dir='ltr'>et</span> <span class='ocrx_word' id='word_1_284' title='bbox 1554 865 1766 917; x_wconf 88' lang='lat' dir='ltr'>respuunt</span> <span class='ocrx_word' id='word_1_285' title='bbox 1800 861 1868 912; x_wconf 93' lang='lat'>96,</span> <span class='ocrx_word' id='word_1_286' title='bbox 1904 861 1970 904; x_wconf 90' lang='lat'>16.</span> <span class='ocrx_word' id='word_1_287' title='bbox 2003 875 2170 905; x_wconf 89' lang='lat' dir='ltr'>sumere</span> 
     </span>
     <span class='ocr_line' id='line_1_55' title="bbox 1288 934 2172 992; baseline 0.002 -15"><span class='ocrx_word' id='word_1_288' title='bbox 1288 948 1338 978; x_wconf 93' lang='lat' dir='ltr'>ac</span> <span class='ocrx_word' id='word_1_289' title='bbox 1360 948 1512 978; x_wconf 91' lang='lat' dir='ltr'>uorare</span> <span class='ocrx_word' id='word_1_290' title='bbox 1537 934 1605 986; x_wconf 91' lang='lat'>96,</span> <span class='ocrx_word' id='word_1_291' title='bbox 1626 936 1691 978; x_wconf 91' lang='lat'>17.</span> <span class='ocrx_word' id='word_1_292' title='bbox 1715 935 1935 978; x_wconf 89' lang='lat' dir='ltr'>cumulate</span> <span class='ocrx_word' id='word_1_293' title='bbox 1969 935 2172 992; x_wconf 89' lang='lat' dir='ltr'>largeque</span> 
     </span>
     <span class='ocr_line' id='line_1_56' title="bbox 1289 1009 2171 1059; baseline 0.001 -7"><span class='ocrx_word' id='word_1_294' title='bbox 1289 1009 1358 1059; x_wconf 90' lang='lat'>98,</span> <span class='ocrx_word' id='word_1_295' title='bbox 1400 1010 1439 1052; x_wconf 92' lang='lat'>4.</span> <span class='ocrx_word' id='word_1_296' title='bbox 1484 1009 1749 1052; x_wconf 89' lang='lat' dir='ltr'>serenissime</span> <span class='ocrx_word' id='word_1_297' title='bbox 1794 1023 1844 1052; x_wconf 92' lang='lat' dir='ltr'>ac</span> <span class='ocrx_word' id='word_1_298' title='bbox 1886 1009 2171 1053; x_wconf 74' lang='lat' dir='ltr'>sincerissime</span> 
     </span>
     <span class='ocr_line' id='line_1_57' title="bbox 1289 1083 2172 1140; baseline 0.001 -14"><span class='ocrx_word' id='word_1_299' title='bbox 1289 1083 1358 1134; x_wconf 90' lang='lat'>99,</span> <span class='ocrx_word' id='word_1_300' title='bbox 1409 1084 1474 1126; x_wconf 91' lang='lat'>12.</span> <span class='ocrx_word' id='word_1_301' title='bbox 1526 1083 1765 1126; x_wconf 88' lang='lat' dir='ltr'>auidissimi</span> <span class='ocrx_word' id='word_1_302' title='bbox 1815 1083 2172 1140; x_wconf 87' lang='lat' dir='ltr'>rapacissimique</span> 
     </span>
     <span class='ocr_line' id='line_1_58' title="bbox 1289 1157 2172 1214; baseline 0.002 -15"><span class='ocrx_word' id='word_1_303' title='bbox 1289 1157 1499 1200; x_wconf 90' lang='lat' dir='ltr'>conuiuae</span> <span class='ocrx_word' id='word_1_304' title='bbox 1532 1158 1626 1208; x_wconf 90' lang='lat'>101,</span> <span class='ocrx_word' id='word_1_305' title='bbox 1656 1158 1722 1200; x_wconf 93' lang='lat'>25.</span> <span class='ocrx_word' id='word_1_306' title='bbox 1753 1157 1963 1201; x_wconf 87' lang='lat' dir='ltr'>sereniore</span> <span class='ocrx_word' id='word_1_307' title='bbox 1992 1172 2042 1201; x_wconf 91' lang='lat' dir='ltr'>ac</span> <span class='ocrx_word' id='word_1_308' title='bbox 2070 1172 2172 1214; x_wconf 92' lang='lat' dir='ltr'>pur-</span> 
     </span>
     <span class='ocr_line' id='line_1_59' title="bbox 1287 1231 2172 1288; baseline 0.001 -14"><span class='ocrx_word' id='word_1_309' title='bbox 1287 1231 1452 1287; x_wconf 88' lang='lat' dir='ltr'>gatiore</span> <span class='ocrx_word' id='word_1_310' title='bbox 1473 1231 1628 1287; x_wconf 90' lang='lat' dir='ltr'>spiritu</span> <span class='ocrx_word' id='word_1_311' title='bbox 1650 1233 1745 1283; x_wconf 90' lang='lat'>103,</span> <span class='ocrx_word' id='word_1_312' title='bbox 1766 1232 1832 1275; x_wconf 88' lang='lat'>16.</span> <span class='ocrx_word' id='word_1_313' title='bbox 1852 1232 2019 1275; x_wconf 88' lang='lat' dir='ltr'>euoluit</span> <span class='ocrx_word' id='word_1_314' title='bbox 2037 1237 2172 1288; x_wconf 89' lang='lat' dir='ltr'>atque</span> 
     </span>
     <span class='ocr_line' id='line_1_60' title="bbox 1288 1305 2173 1362; baseline 0.002 -15"><span class='ocrx_word' id='word_1_315' title='bbox 1288 1305 1401 1348; x_wconf 89' lang='lat' dir='ltr'>eruit</span> <span class='ocrx_word' id='word_1_316' title='bbox 1436 1307 1531 1356; x_wconf 87' lang='lat'>114,</span> <span class='ocrx_word' id='word_1_317' title='bbox 1566 1308 1606 1349; x_wconf 91' lang='lat'>3.</span> <span class='ocrx_word' id='word_1_318' title='bbox 1643 1307 1896 1349; x_wconf 89' lang='lat' dir='ltr'>cohercetur</span> <span class='ocrx_word' id='word_1_319' title='bbox 1930 1310 1975 1349; x_wconf 85' lang='lat' dir='ltr'>et</span> <span class='ocrx_word' id='word_1_320' title='bbox 2008 1306 2173 1362; x_wconf 84' lang='lat' dir='ltr'>regitur</span> 
     </span>
     <span class='ocr_line' id='line_1_61' title="bbox 1290 1379 2172 1436; baseline 0.001 -14"><span class='ocrx_word' id='word_1_321' title='bbox 1290 1379 1441 1430; x_wconf 90' lang='lat'>121,5.</span> <span class='ocrx_word' id='word_1_322' title='bbox 1475 1380 1636 1423; x_wconf 87' lang='lat' dir='ltr'>uersari</span> <span class='ocrx_word' id='word_1_323' title='bbox 1670 1386 1803 1436; x_wconf 92' lang='lat' dir='ltr'>atque</span> <span class='ocrx_word' id='word_1_324' title='bbox 1838 1380 2052 1423; x_wconf 64' lang='lat' dir='ltr'>fluctuae</span> <span class='ocrx_word' id='word_1_325' title='bbox 2076 1382 2172 1431; x_wconf 88' lang='lat'>122,</span> 
     </span>
     <span class='ocr_line' id='line_1_62' title="bbox 1291 1446 2171 1511; baseline 0.001 -15"><span class='ocrx_word' id='word_1_326' title='bbox 1291 1454 1356 1497; x_wconf 88' lang='lat'>18.</span> <span class='ocrx_word' id='word_1_327' title='bbox 1388 1467 1414 1496; x_wconf 88' lang='lat' dir='ltr'>a</span> <span class='ocrx_word' id='word_1_328' title='bbox 1446 1468 1550 1497; x_wconf 91' lang='lat' dir='ltr'>ceno</span> <span class='ocrx_word' id='word_1_329' title='bbox 1584 1446 1774 1510; x_wconf 81' lang='lat' dir='ltr'>corporis</span> <span class='ocrx_word' id='word_1_330' title='bbox 1805 1459 1938 1511; x_wconf 92' lang='lat' dir='ltr'>atque</span> <span class='ocrx_word' id='word_1_331' title='bbox 1971 1455 2171 1498; x_wconf 83' lang='lat' dir='ltr'>sordibus</span> 
     </span>
     <span class='ocr_line' id='line_1_63' title="bbox 1291 1528 2172 1585; baseline 0.002 -15"><span class='ocrx_word' id='word_1_332' title='bbox 1291 1528 1385 1579; x_wconf 91' lang='lat'>136,</span> <span class='ocrx_word' id='word_1_333' title='bbox 1414 1529 1478 1571; x_wconf 91' lang='lat'>17.</span> <span class='ocrx_word' id='word_1_334' title='bbox 1506 1542 1778 1584; x_wconf 87' lang='lat' dir='ltr'>praesumere</span> <span class='ocrx_word' id='word_1_335' title='bbox 1805 1534 1851 1572; x_wconf 82' lang='lat' dir='ltr'>et</span> <span class='ocrx_word' id='word_1_336' title='bbox 1876 1543 2046 1585; x_wconf 88' lang='lat' dir='ltr'>sperare</span> <span class='ocrx_word' id='word_1_337' title='bbox 2075 1530 2172 1580; x_wconf 89' lang='lat'>139,</span> 
     </span>
     <span class='ocr_line' id='line_1_64' title="bbox 1291 1603 2170 1659; baseline 0.002 -15"><span class='ocrx_word' id='word_1_338' title='bbox 1291 1604 1356 1645; x_wconf 90' lang='lat'>14.</span> <span class='ocrx_word' id='word_1_339' title='bbox 1389 1603 1667 1658; x_wconf 88' lang='lat' dir='ltr'>suspensione</span> <span class='ocrx_word' id='word_1_340' title='bbox 1698 1608 1831 1659; x_wconf 90' lang='lat' dir='ltr'>atque</span> <span class='ocrx_word' id='word_1_341' title='bbox 1862 1603 2170 1646; x_wconf 87' lang='lat' dir='ltr'>immobilitate</span> 
     </span>
     <span class='ocr_line' id='line_1_65' title="bbox 1288 1676 2172 1728; baseline 0.003 -11"><span class='ocrx_word' id='word_1_342' title='bbox 1288 1676 1582 1719; x_wconf 88' lang='lat' dir='ltr'>membrorum</span> <span class='ocrx_word' id='word_1_343' title='bbox 1617 1678 1712 1728; x_wconf 91' lang='lat'>140,</span> <span class='ocrx_word' id='word_1_344' title='bbox 1746 1679 1782 1720; x_wconf 94' lang='lat'>1.</span> <span class='ocrx_word' id='word_1_345' title='bbox 1815 1677 2088 1721; x_wconf 89' lang='lat' dir='ltr'>introducere</span> <span class='ocrx_word' id='word_1_346' title='bbox 2121 1691 2172 1720; x_wconf 92' lang='lat' dir='ltr'>ac</span> 
     </span>
     <span class='ocr_line' id='line_1_66' title="bbox 1288 1750 2171 1807; baseline 0.002 -15"><span class='ocrx_word' id='word_1_347' title='bbox 1288 1750 1580 1806; x_wconf 86' lang='lat' dir='ltr'>proseminare</span> <span class='ocrx_word' id='word_1_348' title='bbox 1626 1753 1721 1802; x_wconf 88' lang='lat'>142,</span> <span class='ocrx_word' id='word_1_349' title='bbox 1764 1752 1804 1794; x_wconf 94' lang='lat'>6.</span> <span class='ocrx_word' id='word_1_350' title='bbox 1848 1752 1995 1795; x_wconf 90' lang='lat' dir='ltr'>sordes</span> <span class='ocrx_word' id='word_1_351' title='bbox 2037 1756 2171 1807; x_wconf 87' lang='lat' dir='ltr'>atque</span> 
     </span>
     <span class='ocr_line' id='line_1_67' title="bbox 1289 1824 2170 1875; baseline 0.003 -9"><span class='ocrx_word' id='word_1_352' title='bbox 1289 1824 1471 1867; x_wconf 84' lang='lat' dir='ltr'>exuuiae</span> <span class='ocrx_word' id='word_1_353' title='bbox 1515 1826 1610 1875; x_wconf 90' lang='lat'>149,</span> <span class='ocrx_word' id='word_1_354' title='bbox 1653 1827 1691 1868; x_wconf 91' lang='lat'>1.</span> <span class='ocrx_word' id='word_1_355' title='bbox 1732 1825 1828 1868; x_wconf 90' lang='lat' dir='ltr'>labe</span> <span class='ocrx_word' id='word_1_356' title='bbox 1871 1839 1921 1868; x_wconf 90' lang='lat' dir='ltr'>ac</span> <span class='ocrx_word' id='word_1_357' title='bbox 1962 1826 2170 1869; x_wconf 90' lang='lat' dir='ltr'>dedecore</span> 
     </span>
     <span class='ocr_line' id='line_1_68' title="bbox 1292 1899 2172 1956; baseline 0.002 -15"><span class='ocrx_word' id='word_1_358' title='bbox 1292 1899 1387 1949; x_wconf 87' lang='lat'>155,</span> <span class='ocrx_word' id='word_1_359' title='bbox 1421 1899 1460 1941; x_wconf 94' lang='lat'>6.</span> <span class='ocrx_word' id='word_1_360' title='bbox 1496 1912 1638 1942; x_wconf 88' lang='lat' dir='ltr'>rerum</span> <span class='ocrx_word' id='word_1_361' title='bbox 1674 1899 1854 1955; x_wconf 89' lang='lat' dir='ltr'>caligine</span> <span class='ocrx_word' id='word_1_362' title='bbox 1889 1903 2022 1956; x_wconf 88' lang='lat' dir='ltr'>atque</span> <span class='ocrx_word' id='word_1_363' title='bbox 2057 1913 2172 1943; x_wconf 90' lang='lat' dir='ltr'>com-</span> 
     </span>
     <span class='ocr_line' id='line_1_69' title="bbox 1288 1972 2172 2023; baseline 0.003 -9"><span class='ocrx_word' id='word_1_364' title='bbox 1288 1972 1500 2015; x_wconf 86' lang='lat' dir='ltr'>mixtione</span> <span class='ocrx_word' id='word_1_365' title='bbox 1546 1973 1640 2023; x_wconf 89' lang='lat'>157,</span> <span class='ocrx_word' id='word_1_366' title='bbox 1682 1975 1722 2017; x_wconf 92' lang='lat'>3.</span> <span class='ocrx_word' id='word_1_367' title='bbox 1765 1974 1968 2016; x_wconf 87' lang='lat' dir='ltr'>debilitat</span> <span class='ocrx_word' id='word_1_368' title='bbox 2009 1988 2059 2017; x_wconf 92' lang='lat' dir='ltr'>ac</span> <span class='ocrx_word' id='word_1_369' title='bbox 2100 1975 2172 2017; x_wconf 90' lang='lat' dir='ltr'>de-</span> 
     </span>
     <span class='ocr_line' id='line_1_70' title="bbox 1290 2047 2172 2098; baseline 0.003 -10"><span class='ocrx_word' id='word_1_370' title='bbox 1290 2051 1468 2089; x_wconf 88' lang='lat' dir='ltr'>truncat</span> <span class='ocrx_word' id='word_1_371' title='bbox 1505 2048 1599 2098; x_wconf 87' lang='lat'>163,</span> <span class='ocrx_word' id='word_1_372' title='bbox 1634 2049 1673 2090; x_wconf 86' lang='lat'>8.</span> <span class='ocrx_word' id='word_1_373' title='bbox 1710 2047 1753 2090; x_wconf 88' lang='lat' dir='ltr'>in</span> <span class='ocrx_word' id='word_1_374' title='bbox 1788 2048 1906 2091; x_wconf 92' lang='lat' dir='ltr'>omni</span> <span class='ocrx_word' id='word_1_375' title='bbox 1943 2053 2172 2091; x_wconf 88' lang='lat' dir='ltr'>contractu</span> 
     </span>
     <span class='ocr_line' id='line_1_71' title="bbox 1289 2121 2171 2178; baseline 0.002 -15"><span class='ocrx_word' id='word_1_376' title='bbox 1289 2124 1421 2176; x_wconf 85' lang='lat' dir='ltr'>atque</span> <span class='ocrx_word' id='word_1_377' title='bbox 1456 2121 1786 2165; x_wconf 89' lang='lat' dir='ltr'>conuersatione</span> <span class='ocrx_word' id='word_1_378' title='bbox 1823 2123 1918 2173; x_wconf 87' lang='lat'>164,</span> <span class='ocrx_word' id='word_1_379' title='bbox 1952 2124 2018 2165; x_wconf 91' lang='lat'>27.</span> <span class='ocrx_word' id='word_1_380' title='bbox 2053 2122 2171 2178; x_wconf 89' lang='lat' dir='ltr'>cupi-</span> 
     </span>
     <span class='ocr_line' id='line_1_72' title="bbox 1290 2194 2170 2252; baseline 0.002 -15"><span class='ocrx_word' id='word_1_381' title='bbox 1290 2195 1431 2238; x_wconf 91' lang='lat' dir='ltr'>diores</span> <span class='ocrx_word' id='word_1_382' title='bbox 1494 2194 1881 2252; x_wconf 83' lang='lat' dir='ltr'>flagrantioresque</span> <span class='ocrx_word' id='word_1_383' title='bbox 1946 2197 2040 2247; x_wconf 93' lang='lat'>166,</span> <span class='ocrx_word' id='word_1_384' title='bbox 2104 2197 2170 2240; x_wconf 89' lang='lat'>28.</span> 
     </span>
    </p>
   </div>
   <div class='ocr_carea' id='block_1_8' title="bbox 1228 2342 2171 3359">
    <p class='ocr_par' dir='ltr' id='par_1_14' title="bbox 1235 2342 1897 2394">
     <span class='ocr_line' id='line_1_73' title="bbox 1235 2342 1897 2394; baseline 0.005 -10"><span class='ocrx_word' id='word_1_385' title='bbox 1235 2342 1430 2385; x_wconf 89' lang='lat' dir='ltr'>Tabifica</span> <span class='ocrx_word' id='word_1_386' title='bbox 1460 2343 1697 2387; x_wconf 88' lang='lat' dir='ltr'>aemulatio</span> <span class='ocrx_word' id='word_1_387' title='bbox 1732 2346 1827 2394; x_wconf 87' lang='lat'>142,</span> <span class='ocrx_word' id='word_1_388' title='bbox 1858 2345 1897 2386; x_wconf 90' lang='lat'>5.</span> 
     </span>
    </p>

    <p class='ocr_par' dir='ltr' id='par_1_15' title="bbox 1234 2417 2170 2541">
     <span class='ocr_line' id='line_1_74' title="bbox 1234 2417 2170 2462; baseline 0.003 -4"><span class='ocrx_word' id='word_1_389' title='bbox 1234 2417 1480 2460; x_wconf 88' lang='lat' dir='ltr'>tabificare:</span> <span class='ocrx_word' id='word_1_390' title='bbox 1534 2417 1900 2462; x_wconf 80' lang='lat' dir='ltr'>concalefactione</span> <span class='ocrx_word' id='word_1_391' title='bbox 1954 2418 2170 2461; x_wconf 82' lang='lat' dir='ltr'>tabificati</span> 
     </span>
     <span class='ocr_line' id='line_1_75' title="bbox 1291 2491 1458 2541; baseline 0 -8"><span class='ocrx_word' id='word_1_392' title='bbox 1291 2492 1385 2541; x_wconf 88' lang='lat'>137,</span> <span class='ocrx_word' id='word_1_393' title='bbox 1418 2491 1458 2534; x_wconf 95' lang='lat'>6.</span> 
     </span>
    </p>

    <p class='ocr_par' dir='ltr' id='par_1_16' title="bbox 1233 2565 2171 2837">
     <span class='ocr_line' id='line_1_76' title="bbox 1233 2565 2168 2622; baseline 0.002 -16"><span class='ocrx_word' id='word_1_394' title='bbox 1233 2568 1324 2607; x_wconf 88' lang='lat' dir='ltr'>tam</span> <span class='ocrx_word' id='word_1_395' title='bbox 1343 2568 1440 2607; x_wconf 74' lang='lat' dir='ltr'>ante</span> <span class='ocrx_word' id='word_1_396' title='bbox 1457 2579 1588 2621; x_wconf 91' lang='lat' dir='ltr'>quam</span> <span class='ocrx_word' id='word_1_397' title='bbox 1609 2565 1841 2609; x_wconf 75' lang='lat' dir='ltr'>omissum:</span> <span class='ocrx_word' id='word_1_398' title='bbox 1861 2566 2018 2610; x_wconf 89' lang='lat' dir='ltr'>habere</span> <span class='ocrx_word' id='word_1_399' title='bbox 2038 2580 2168 2622; x_wconf 92' lang='lat' dir='ltr'>quam</span> 
     </span>
     <span class='ocr_line' id='line_1_77' title="bbox 1288 2639 2171 2691; baseline 0.002 -11"><span class='ocrx_word' id='word_1_400' title='bbox 1288 2653 1366 2681; x_wconf 92' lang='lat' dir='ltr'>uos</span> <span class='ocrx_word' id='word_1_401' title='bbox 1414 2639 1518 2681; x_wconf 88' lang='lat' dir='ltr'>estis</span> <span class='ocrx_word' id='word_1_402' title='bbox 1566 2639 1759 2683; x_wconf 87' lang='lat' dir='ltr'>intentos</span> <span class='ocrx_word' id='word_1_403' title='bbox 1809 2642 1902 2691; x_wconf 89' lang='lat'>139,</span> <span class='ocrx_word' id='word_1_404' title='bbox 1952 2642 2016 2684; x_wconf 86' lang='grc'>18.</span> <span class='ocrx_word' id='word_1_405' title='bbox 2064 2640 2171 2682; x_wconf 87' lang='lat' dir='ltr'>nihil</span> 
     </span>
     <span class='ocr_line' id='line_1_78' title="bbox 1289 2713 2170 2768; baseline 0.002 -13"><span class='ocrx_word' id='word_1_406' title='bbox 1289 2726 1419 2768; x_wconf 87' lang='lat' dir='ltr'>quam</span> <span class='ocrx_word' id='word_1_407' title='bbox 1478 2713 1661 2755; x_wconf 92' lang='lat' dir='ltr'>nimium</span> <span class='ocrx_word' id='word_1_408' title='bbox 1722 2714 2047 2757; x_wconf 84' lang='lat' dir='ltr'>formidandum</span> <span class='ocrx_word' id='word_1_409' title='bbox 2104 2719 2170 2757; x_wconf 81' lang='lat' dir='ltr'>est</span> 
     </span>
     <span class='ocr_line' id='line_1_79' title="bbox 1290 2786 1483 2837; baseline 0 -8"><span class='ocrx_word' id='word_1_410' title='bbox 1290 2786 1384 2837; x_wconf 90' lang='lat'>156,</span> <span class='ocrx_word' id='word_1_411' title='bbox 1418 2788 1483 2829; x_wconf 90' lang='lat'>17.</span> 
     </span>
    </p>

    <p class='ocr_par' dir='ltr' id='par_1_17' title="bbox 1233 2862 2169 2990">
     <span class='ocr_line' id='line_1_80' title="bbox 1233 2862 2169 2917; baseline 0.001 -14"><span class='ocrx_word' id='word_1_412' title='bbox 1233 2864 1359 2903; x_wconf 87' lang='lat' dir='ltr'>tanto</span> <span class='ocrx_word' id='word_1_413' title='bbox 1390 2875 1516 2917; x_wconf 87' lang='lat' dir='ltr'>opere</span> <span class='ocrx_word' id='word_1_414' title='bbox 1549 2862 1621 2915; x_wconf 79' lang='lat' dir='ltr'>(ej.</span> <span class='ocrx_word' id='word_1_415' title='bbox 1652 2875 1811 2917; x_wconf 87' lang='lat' dir='ltr'>magno</span> <span class='ocrx_word' id='word_1_416' title='bbox 1843 2876 1968 2917; x_wconf 86' lang='lat' dir='ltr'>opere</span> <span class='ocrx_word' id='word_1_417' title='bbox 1999 2863 2067 2911; x_wconf 88' lang='lat'>45,</span> <span class='ocrx_word' id='word_1_418' title='bbox 2100 2863 2169 2916; x_wconf 90' lang='lat'>17)</span> 
     </span>
     <span class='ocr_line' id='line_1_81' title="bbox 1286 2935 2166 2990; baseline -0.001 -12"><span class='ocrx_word' id='word_1_419' title='bbox 1286 2936 1355 2985; x_wconf 90' lang='lat'>34,</span> <span class='ocrx_word' id='word_1_420' title='bbox 1387 2936 1438 2978; x_wconf 90' lang='lat'>20</span> <span class='ocrx_word' id='word_1_421' title='bbox 1453 2935 1524 2990; x_wconf 73' lang='lat' dir='ltr'>(cs.</span> <span class='ocrx_word' id='word_1_422' title='bbox 1544 2936 1636 2978; x_wconf 84' lang='lat' dir='ltr'>Ter.</span> <span class='ocrx_word' id='word_1_423' title='bbox 1653 2935 1808 2978; x_wconf 75' lang='lat' dir='ltr'>Heaut.</span> <span class='ocrx_word' id='word_1_424' title='bbox 1831 2936 1921 2979; x_wconf 79' lang='lat'>786.</span> <span class='ocrx_word' id='word_1_425' title='bbox 1939 2935 2166 2989; x_wconf 72' lang='lat' dir='ltr'>Hec.2283).</span> 
     </span>
    </p>

    <p class='ocr_par' dir='ltr' id='par_1_18' title="bbox 1231 3009 2167 3133">
     <span class='ocr_line' id='line_1_82' title="bbox 1231 3009 2167 3060; baseline 0.002 -10"><span class='ocrx_word' id='word_1_426' title='bbox 1231 3011 1407 3050; x_wconf 87' lang='lat' dir='ltr'>tantum</span> <span class='ocrx_word' id='word_1_427' title='bbox 1440 3030 1479 3042; x_wconf 66' lang='lat' dir='ltr'><em>z</em></span> <span class='ocrx_word' id='word_1_428' title='bbox 1510 3009 1795 3052; x_wconf 75' lang='lat' dir='ltr'>tantummodo</span> <span class='ocrx_word' id='word_1_429' title='bbox 1820 3010 1887 3060; x_wconf 86' lang='lat'>75,</span> <span class='ocrx_word' id='word_1_430' title='bbox 1913 3011 1950 3052; x_wconf 92' lang='lat'>9.</span> <span class='ocrx_word' id='word_1_431' title='bbox 1982 3031 2022 3043; x_wconf 75' lang='lat' dir='ltr'><strong><em>z</em></strong></span> <span class='ocrx_word' id='word_1_432' title='bbox 2052 3012 2167 3052; x_wconf 76' lang='lat' dir='ltr'>tam:</span> 
     </span>
     <span class='ocr_line' id='line_1_83' title="bbox 1285 3083 1879 3133; baseline 0.003 -9"><span class='ocrx_word' id='word_1_433' title='bbox 1285 3096 1351 3124; x_wconf 89' lang='lat' dir='ltr'>res</span> <span class='ocrx_word' id='word_1_434' title='bbox 1383 3087 1557 3124; x_wconf 89' lang='lat' dir='ltr'>tantum</span> <span class='ocrx_word' id='word_1_435' title='bbox 1590 3083 1682 3125; x_wconf 89' lang='lat' dir='ltr'>alta</span> <span class='ocrx_word' id='word_1_436' title='bbox 1715 3085 1808 3133; x_wconf 88' lang='lat'>133,</span> <span class='ocrx_word' id='word_1_437' title='bbox 1842 3085 1879 3126; x_wconf 93' lang='lat'>1.</span> 
     </span>
    </p>

    <p class='ocr_par' dir='ltr' id='par_1_19' title="bbox 1231 3156 2167 3280">
     <span class='ocr_line' id='line_1_84' title="bbox 1231 3156 2167 3199; baseline 0.001 -2"><span class='ocrx_word' id='word_1_438' title='bbox 1231 3156 1401 3198; x_wconf 87' lang='lat' dir='ltr'>tardus:</span> <span class='ocrx_word' id='word_1_439' title='bbox 1448 3157 1503 3198; x_wconf 86' lang='lat' dir='ltr'>ad</span> <span class='ocrx_word' id='word_1_440' title='bbox 1548 3156 1855 3199; x_wconf 88' lang='lat' dir='ltr'>occultandam</span> <span class='ocrx_word' id='word_1_441' title='bbox 1903 3156 2167 3199; x_wconf 88' lang='lat' dir='ltr'>tardioribus</span> 
     </span>
     <span class='ocr_line' id='line_1_85' title="bbox 1286 3229 1747 3280; baseline 0.004 -10"><span class='ocrx_word' id='word_1_442' title='bbox 1286 3229 1548 3271; x_wconf 88' lang='lat' dir='ltr'>sententiam</span> <span class='ocrx_word' id='word_1_443' title='bbox 1581 3232 1649 3280; x_wconf 90' lang='lat'>40,</span> <span class='ocrx_word' id='word_1_444' title='bbox 1683 3231 1747 3272; x_wconf 88' lang='lat'>22.</span> 
     </span>
    </p>

    <p class='ocr_par' dir='ltr' id='par_1_20' title="bbox 1228 3302 2164 3359">
     <span class='ocr_line' id='line_1_86' title="bbox 1228 3302 2164 3359; baseline 0.001 -15"><span class='ocrx_word' id='word_1_445' title='bbox 1228 3302 1521 3358; x_wconf 86' lang='lat' dir='ltr'>temperantia</span> <span class='ocrx_word' id='word_1_446' title='bbox 1553 3302 1670 3345; x_wconf 89' lang='lat' dir='ltr'>dicta</span> <span class='ocrx_word' id='word_1_447' title='bbox 1705 3317 1729 3345; x_wconf 87' lang='lat' dir='ltr'>a</span> <span class='ocrx_word' id='word_1_448' title='bbox 1765 3303 1972 3359; x_wconf 88' lang='lat' dir='ltr'>temperie</span> <span class='ocrx_word' id='word_1_449' title='bbox 2011 3305 2102 3353; x_wconf 89' lang='lat'>113,</span> <span class='ocrx_word' id='word_1_450' title='bbox 2126 3304 2164 3345; x_wconf 89' lang='lat'>8.</span> 
     </span>
    </p>
   </div>
   <div class='ocr_carea' id='block_1_9' title="bbox 1229 3377 2164 3499">
    <p class='ocr_par' dir='ltr' id='par_1_21' title="bbox 1229 3377 2164 3499">
     <span class='ocr_line' id='line_1_87' title="bbox 1229 3377 2164 3431; baseline 0.001 -14"><span class='ocrx_word' id='word_1_451' title='bbox 1229 3379 1490 3431; x_wconf 89' lang='lat' dir='ltr'>temperare:</span> <span class='ocrx_word' id='word_1_452' title='bbox 1554 3390 1578 3418; x_wconf 93' lang='lat' dir='ltr'>a</span> <span class='ocrx_word' id='word_1_453' title='bbox 1642 3377 1877 3419; x_wconf 90' lang='lat' dir='ltr'>concubitu</span> <span class='ocrx_word' id='word_1_454' title='bbox 1942 3378 2036 3427; x_wconf 89' lang='lat'>103,</span> <span class='ocrx_word' id='word_1_455' title='bbox 2097 3378 2164 3419; x_wconf 89' lang='lat'>23.</span> 
     </span>
     <span class='ocr_line' id='line_1_88' title="bbox 1283 3449 1611 3499; baseline 0.006 -9"><span class='ocrx_word' id='word_1_456' title='bbox 1283 3449 1410 3491; x_wconf 80' lang='lat' dir='ltr'>absol.</span> <span class='ocrx_word' id='word_1_457' title='bbox 1445 3450 1541 3499; x_wconf 91' lang='lat'>161,</span> <span class='ocrx_word' id='word_1_458' title='bbox 1572 3451 1611 3492; x_wconf 91' lang='lat'>2.</span> 
     </span>
    </p>
   </div>
  </div>
 </body>
</html>
