2398 3724
192 187 283 238 112
849 197 905 240 II.
964 198 1046 240 De
1099 195 1308 241 beata
1358 196 1507 239 uita

190 350 409 419 quitiam
447 350 746 402 dixeramus
781 366 888 401 esse
935 349 1000 401 ab
1035 366 1093 400 eo
1128 349 1343 412 dictam,
1379 350 1518 417 quod
1553 349 1933 417 necquicquam
1968 350 2051 413 sit,
2087 351 2169 402 cui

189 432 507 485 contrariam
537 430 894 500 frugalitatem
927 448 956 483 a
986 430 1131 499 fruge
1158 430 1313 483 fuisse
1344 431 1687 484 nominatam.
1739 448 1856 500 ergo
1887 431 1940 483 in
1969 431 2047 483 his
2077 433 2170 484 du-

191 515 319 567 obus
346 513 637 577 contrariis,
661 514 755 565 hoc
783 519 861 565 est
883 512 1186 582 frugalitate
1215 518 1374 581 atque
1398 513 1649 581 nequitia,
1679 512 1767 565 illa
1794 514 1897 565 duo
1926 513 2171 566 uidentur

191 597 434 659 eminere,
461 613 568 648 esse
595 601 647 647 et
671 612 773 647 non
801 612 924 648 esse.
971 595 1192 664 egestati
1218 600 1414 659 autem,
1440 596 1503 647 de
1530 610 1633 663 qua
1659 597 1897 662 quaestio
1922 600 2017 659 est,
2045 596 2168 664 quid

193 684 441 746 putamus
479 695 584 730 esse
625 676 987 730 contrarium?
1017 705 1081 710 —
1108 676 1225 739 Hie,
1260 694 1377 728 eum
1410 675 1741 744 aliquantum
1774 682 2169 729 cunctarentur:

196 761 248 813 Si
290 760 480 823 dicam,
520 760 694 827 inquit
736 759 1028 828 TrygetiUS,
1070 758 1300 822 diuitias,
1342 758 1493 811 uideo
1533 758 1613 810 his
1653 764 2022 826 paupertatem
2064 776 2171 811 esse

190 842 525 895 contrariam.
566 870 630 875 —-·
666 841 763 893 Est
802 841 1031 909 quidem,
1068 840 1304 908 inquam,
1343 840 1598 903 uicinum;
1637 856 1760 892 nam
1799 846 2081 909 paupertas
2120 846 2171 892 et

191 929 391 993 egestas
417 940 579 975 unum
600 928 759 991 atque
778 923 915 975 idem
936 922 1098 990 aoeipi
1126 921 1270 974 solet.
1311 921 1650 974 tamen'aliud
1672 921 1888 974 uerbum
1907 922 2172 974 inuenien—

190 1007 314 1058 dum
346 1011 440 1069 est,
476 1022 541 1057 ne
569 1004 767 1057 meliori
796 1005 937 1073 parti
963 1004 1099 1057 desit
1126 1020 1287 1055 unum
1318 1003 1651 1066 uocabulum,
1682 1009 1759 1067 ut,
1789 1021 1907 1056 cum
1935 1004 2024 1056 illa
2051 1021 2171 1072 pars

194 1088 520 1156 paupertatis
549 1093 601 1139 et
629 1087 875 1156 egestatis
901 1086 1111 1138 nomine
1140 1085 1390 1149 abundet,
1421 1102 1485 1138 ex
1511 1086 1608 1138 hae
1637 1091 1787 1154 parte
1817 1085 1983 1138 solum
2013 1103 2171 1154 oppo-

196 1177 349 1222 natur
375 1169 679 1222 diuitiarum
704 1185 910 1222 nomen.
955 1167 1085 1220 nihil
1109 1167 1246 1219 enim
1273 1167 1563 1232 absurdius,
1592 1183 1750 1235 quarn
1776 1173 1836 1220 ut
1858 1167 1940 1220 hie
1967 1168 2034 1220 sit
2060 1185 2170 1237 ege-

193 1258 299 1304 stas
332 1250 590 1315 uocabuli,
625 1250 714 1303 ubi
747 1257 825 1303 est
857 1249 1122 1303 contraria
1153 1266 1273 1318 pars
1305 1250 1540 1319 egestati.
1576 1277 1641 1282 —
1671 1249 1966 1313 Plenitudo,
1998 1249 2171 1318 inquit

192 1334 474 1397 LicentiuS,
508 1333 549 1385 si
581 1333 681 1385 dici
713 1338 906 1401 potest,
941 1332 1150 1385 uidetur
1180 1331 1308 1383 mihi
1337 1337 1477 1384 reete
1510 1332 1702 1401 opponi
1734 1332 1968 1401 egestati.

325 1439 404 1491 31.
443 1438 648 1501 Postea,
684 1438 918 1505 inquam,
955 1437 1018 1490 de
1053 1435 1213 1489 uerbo
1250 1452 1557 1505 quaeremus
1592 1436 1811 1489 fortasse
1846 1435 2168 1505 diligentius3

194 1537 295 1573 non
321 1521 457 1572 enim
481 1520 577 1572 hoe
602 1521 892 1572 curandum
918 1523 996 1571 est
1020 1519 1071 1570 in
1096 1518 1476 1586 conquisitione
1501 1518 1755 1571 ueritatis
1774 1518 2014 1586 quamuis
2033 1518 2169 1570 enirn

197 1602 489 1665 SallustiUS,
519 1601 829 1654 lectissimus
860 1606 1106 1670 pensator
1136 1600 1432 1664 uerborum,
1464 1600 1684 1669 egestati
1716 1600 2014 1669 opposuerit
2046 1617 2170 1669 opu—

195 1684 427 1748 lentiam,
452 1689 631 1736 tamen
655 1684 851 1752 accipio
874 1683 1031 1735 istam
1054 1682 1450 1751 plenitudinem.
1495 1699 1597 1734 non
1622 1682 1759 1734 enim
1784 1698 1875 1734 nec
1897 1682 1979 1734 hie
2001 1699 2171 1751 gram-

195 1767 504 1819 maticorum
546 1765 822 1818 formidine
864 1765 1203 1818 liberabimur
1243 1769 1335 1817 aut
1374 1765 1715 1817 metuendum
1756 1769 1850 1828 est,
1891 1781 1954 1816 ne
1995 1763 2061 1816 ab
2101 1764 2170 1816 eis

193 1849 523 1918 castigemur,
547 1849 684 1917 quod
707 1848 960 1900 incuriose
981 1847 1179 1899 utimur
1205 1846 1394 1911 uerbis,
1417 1846 1505 1915 qui
1526 1863 1605 1899 res
1627 1863 1745 1898 suas
1765 1845 1913 1898 nobis
1936 1847 2001 1898 ad
2023 1851 2171 1898 uten-

194 1932 319 1982 dum
359 1932 629 1983 dederunt.
653 1963 717 1967 ——
737 1929 841 1984 Ubi
873 1946 991 1982 cum
1024 1929 1348 1982 adrisissent:
1389 1928 1526 1998 Ergo
1559 1928 1681 1997 quia
1714 1932 1915 1980 mentes
1952 1934 2170 1991 uestras,
2206 1950 2214 1960 ·

196 2014 429 2081 inquam,
454 2030 570 2064 cum
595 2013 787 2064 intenti
811 2012 934 2064 estis
957 2011 1011 2063 in
1035 2013 1208 2074 deum,
1234 2010 1380 2063 uelut
1405 2011 1665 2079 quaedam
1692 2009 1897 2062 oracula
1923 2025 2027 2062 non
2051 2025 2170 2061 eon-

195 2102 425 2146 temnere
457 2094 636 2158 statui,
669 2094 958 2157 uideamus,
992 2093 1116 2161 quid
1149 2093 1246 2145 sibi
1278 2092 1406 2145 uelit
1435 2093 1532 2145 hoe
1565 2108 1779 2155 nomen;
1813 2108 1936 2144 nam
1969 2091 2169 2143 nullum

196 2177 647 2229 adcommodatius
685 2193 793 2228 esse
830 2175 1055 2228 arbitror
1091 2174 1320 2227 ueritati.
1378 2173 1650 2243 plenitudo
1686 2174 1844 2243 igitur
1882 2179 1934 2225 et
1971 2178 2171 2242 egestas

194 2259 455 2311 contraria
485 2264 631 2323 sunt3
663 2263 719 2310 at
748 2257 907 2311 etiam
937 2257 1019 2309 hie
1051 2256 1303 2320 similiter,
1335 2261 1395 2308 ut
1422 2256 1475 2308 in
1505 2256 1741 2325 nequitia
1770 2260 1822 2307 et
1850 2254 2169 2323 frugalitate,

196 2345 453 2409 apparent
483 2340 572 2392 illa
600 2341 721 2403 duo,
754 2357 861 2392 esse
893 2344 946 2392 et
975 2356 1079 2391 non
1110 2356 1235 2402 esse,
1268 2343 1337 2402 et,
1370 2338 1411 2390 si
1441 2343 1643 2407 egestas
1674 2342 1752 2390 est
1781 2337 1895 2406 ipsa
1925 2335 2168 2400 stultitia,

198 2422 467 2490 plenitudo
502 2422 599 2474 erit
634 2422 907 2490 sapientia.
962 2421 1148 2473 merito
1183 2420 1343 2473 etiam
1378 2420 1635 2471 uirtutum
1673 2419 1905 2471 omniurn
1938 2424 2161 2471 matrem

196 2503 347 2555 multi
376 2503 730 2573 frugalitatem
762 2520 869 2556 esse
898 2503 1160 2556 dixerunt.
1211 2501 1399 2570 quibus
1427 2501 1756 2553 consentiens
1786 2499 1981 2552 Tullius
2011 2500 2169 2552 etiam

198 2587 247 2636 in
295 2584 533 2653 populari
582 2586 814 2638 oratione
862 2586 960 2637 ait:
1010 2589 1088 2636 ut
1136 2583 1350 2636 uolet
1417 2583 1745 2652 quisque
1793 2582 2167 2650 accipiat;

198 2684 325 2736 ego
376 2673 627 2719 tamen
678 2666 1257 2736 frugalitatem,
1308 2665 1389 2718 id·
1430 2671 1544 2717 est
1593 2663 2053 2717 modestiam
2103 2668 2171 2714 et

327 2871 376 2914 16
397 2869 451 2914 cf.
478 2868 579 2914 Sall.
605 2869 701 2913 Cat.
727 2883 761 2913 c.
785 2870 839 2912 52
949 2869 1001 2913 28
1026 2869 1110 2914 Cic.
1134 2868 1282 2912 Deiot.
1308 2868 1361 2915 26

328 3004 346 3045 1
371 3016 425 3047 ne
444 3003 685 3059 quicquam
702 3002 823 3048 31th
905 3005 928 3047 2
948 3002 1000 3046 iis
1022 3017 1063 3046 m
1139 3005 1165 3047 3
1187 3002 1446 3059 frugalitate
1468 3002 1614 3057 (fruga
1637 3002 1679 3044 in
1697 3015 1778 3045 ras.
1794 2997 1884 3057 ΜΞ)
1899 3001 1938 3043 Α
2015 2998 2168 3055 atque]

197 3082 241 3120 et
264 3092 292 3133 p
392 3081 416 3121 4
440 3080 635 3134 egestate
657 3079 765 3121 Am]
871 3077 896 3119 6
917 3077 1125 3134 trigeeius
1145 3076 1187 3120 A
1279 3079 1302 3121 7
1325 3075 1593 3120 contrarium
1615 3076 1655 3118 A
1757 3076 1783 3119 8
1805 3076 1946 3120 solent
1966 3074 2057 3118 LM
2078 3074 2164 3117 edd.

200 3155 249 3196 12
271 3148 482 3208 egestati}
502 3153 542 3196 A
656 3153 705 3195 13
727 3151 762 3196 si
784 3153 979 3197 omAml
1094 3153 1141 3195 14
1161 3151 1417 3207 quaerimus
1434 3151 1543 3194 Am]
1567 3162 1830 3207 quaeramus
1849 3163 1906 3205 ap
2013 3148 2062 3191 15
2085 3148 2166 3192 hoo

197 3225 463 3282 curandum]
485 3225 811 3271 obscurandum
836 3228 875 3269 A
968 3225 1255 3281 inquisitione
1276 3239 1345 3269 am
1439 3228 1489 3270 16
1511 3223 1722 3269 salustius
1741 3226 1794 3269 M
1886 3219 2167 3276 lectissimus]

200 3300 289 3345 eius
311 3300 621 3344 dilectissimus
642 3302 679 3344 L
699 3300 990 3346 electissimus
1008 3315 1064 3356 ap
1143 3299 1443 3357 oppolentiam
1467 3301 1507 3343 A
1588 3301 1637 3343 17
1659 3312 1736 3341 nee
1757 3297 1827 3342 hic
1850 3299 1890 3341 A
1912 3297 1981 3340 hic
2002 3297 2168 3351 LMmp

201 3376 252 3419 18
273 3374 550 3419 formidinem
573 3377 609 3420 L
732 3375 1017 3419 liberauimur
1038 3375 1074 3418 L
1095 3373 1394 3418 laborabimus
1414 3387 1455 3417 m
1594 3373 1645 3417 19
1667 3372 1722 3414 ad
1745 3371 1962 3416 utendum
1988 3369 2116 3415 nobis
2138 3384 2166 3425 p

198 3450 250 3492 22
275 3449 414 3492 statui
439 3451 481 3493 in
506 3463 585 3494 ras.
613 3452 651 3493 A
768 3451 819 3493 24
843 3447 908 3504 at]
930 3453 980 3493 ut
1003 3451 1112 3493 Am]
1135 3450 1216 3492 aut
1236 3450 1288 3492 M
1404 3447 1651 3504 fragilitate
1674 3448 1712 3489 A
1842 3447 1894 3492 27
1915 3444 2108 3489 dixerint
2128 3445 2165 3487 L

2208 1104 2257 1140 10

2209 1535 2257 1572 15
