2398 3724
147 717 167 752 5

120 1123 168 1158 10

121 1528 168 1563 15

120 1955 169 1990 20

121 2359 170 2394 25

124 2762 174 2797 311

929 221 998 264 ΙΙΙ
1041 222 1106 274 12,
1148 221 1322 272 28-14,
1362 223 1416 266 30
2089 210 2152 263 69

210 385 419 444 propter
459 391 612 443 quam
654 373 806 425 uerba
844 372 1101 434 dicuntur,
1139 372 1202 423 de
1241 371 1408 423 uerbis
1446 389 1549 424 non
1584 372 1767 425 debere
1805 373 2062 435 contendi,
2102 380 2151 426 et

208 456 435 524 quisquis
461 456 510 507 id
539 454 716 515 faciat,
741 453 781 505 si
807 453 1063 522 imperitia
1091 453 1267 514 faciat,
1294 454 1583 505 docendum
1609 471 1734 515 esse,
1763 454 1804 506 si
1829 454 2045 515 malitia,
2068 456 2154 507 de-

207 539 493 598 serendum,
524 537 565 588 si
593 535 763 587 doceri
791 551 894 586 non
922 541 1111 602 potest,
1142 535 1471 596 monendum,
1503 541 1561 586 ut
1588 534 1782 602 aliquid
1812 534 1949 587 aliud
1979 536 2151 604 potius

207 627 344 686 agat.
369 635 524 685 quam
543 623 749 685 tempus
768 616 821 667 in
839 615 1110 683 superfluis
1131 631 1441 683 operamque
1462 622 1750 677 consumat,
1772 616 1814 667 si
1834 633 1936 668 non
1956 623 2153 684 optem-

204 707 365 767 perat.
398 697 782 767 neglegendum.
831 698 893 748 de
925 696 1170 764 captiosis
1200 702 1376 748 autem
1405 702 1561 764 atque
1591 696 1862 749 fallacibus
1892 698 2154 750 ratiuncu-

206 780 265 831 lis
291 780 440 832 breue
465 785 797 848 praeceptum
820 785 922 830 est:
948 777 989 828 si
1011 777 1144 829 male
1168 778 1493 830 concedendo
1518 777 1823 839 inferuntur,
1848 779 1912 830 ad
1938 796 1996 830 ea
2023 796 2152 847 quae

206 878 446 913 concessa
487 867 607 912 sunt
646 876 754 918 esse
794 859 1134 922 redeundum;
1175 858 1216 910 si
1256 875 1433 910 uerum
1473 858 1762 927 falsumque
1802 858 1854 910 in
1893 876 1995 912 una
2036 876 2154 912 con-

209 942 432 994 clusione
470 941 771 1010 confligunt,
809 939 1163 1008 accipiendum
1200 939 1316 991 inde
1355 940 1489 1008 quod
1527 939 1855 1010 intellegitur,
1896 942 2030 1008 quod
2069 958 2153 993 ex-

208 1023 382 1091 plicari
433 1039 534 1073 non
580 1028 752 1090 potest
800 1021 1214 1089 relinquendum3
1261 1020 1303 1072 si
1348 1027 1524 1073 autem
1569 1022 1752 1073 modus
1798 1021 1851 1072 in
1896 1021 2152 1090 aliquibus

206 1104 353 1156 rebus
383 1103 512 1155 latet
541 1103 746 1171 penitus
776 1102 1050 1163 hominem,
1082 1101 1353 1154 scientiam
1382 1101 1488 1154 eius
1519 1119 1621 1154 non
1650 1119 1759 1154 esse
1791 1104 2151 1170 quaerendam.

210 1185 334 1237 haec
376 1185 583 1253 quidem
622 1184 784 1236 habeo
814 1201 842 1235 a
871 1183 1143 1235 dialectica
1173 1189 1224 1235 et
1252 1182 1351 1235 alia
1381 1183 1562 1245 multa,
1596 1200 1725 1251 quae
1756 1200 2154 1237 commemorare

206 1283 308 1318 non
356 1275 434 1318 est
482 1282 710 1326 necesse;
768 1281 930 1332 neque
977 1264 1114 1316 enim
1167 1263 1326 1316 debeo
1375 1264 1607 1332 ingratus
1655 1264 1915 1317 exsistere.
1977 1282 2155 1318 nerum

208 1347 287 1399 ille
314 1347 517 1415 sapiens
549 1352 640 1398 aut
672 1346 795 1398 haec
826 1345 1046 1414 neglegit
1077 1351 1184 1406 aut,
1218 1345 1259 1397 si
1290 1345 1518 1413 perfecta
1550 1345 1821 1398 dialectica
1853 1346 1965 1414 ipsa
1997 1346 2157 1399 scien-

207 1429 277 1480 tia
320 1427 553 1480 ueritatis
592 1434 686 1484 est.
727 1427 799 1478 sic
843 1426 982 1479 illam
1021 1426 1182 1488 nouit,
1232 1433 1289 1478 ut
1338 1426 1555 1478 istorum
1594 1427 2034 1480 mendicissimam
2075 1444 2157 1480 ca-

206 1509 476 1561 lumniam:
527 1509 567 1560 si
616 1525 793 1560 uerum
843 1516 936 1567 est,
984 1508 1171 1559 falsum
1218 1514 1311 1569 est,
1361 1507 1402 1559 si
1453 1507 1637 1559 falsum
1686 1516 1780 1570 est,
1832 1525 2010 1560 uerum
2061 1517 2154 1565 est,

209 1591 581 1642 contemnendo
627 1596 677 1641 et
715 1606 818 1641 non
855 1589 1143 1641 miserando
1182 1589 1315 1640 fame
1355 1595 1516 1640 necet.
1557 1589 1682 1641 haec
1725 1590 1788 1641 de
1830 1590 2155 1658 perceptione

207 1672 333 1723 satis
369 1690 478 1723 esse
505 1677 772 1739 propterea
804 1677 945 1738 puto,
978 1670 1095 1737 quia
1126 1671 1188 1722 de
1216 1670 1543 1722 assentiendo
1577 1687 1693 1722 curn
1720 1670 1885 1722 dicere
1925 1688 2152 1739 coepero.

208 1760 319 1804 tota
360 1753 425 1803 ibi
467 1769 667 1804 rursum
706 1768 859 1804 causa
908 1751 1211 1803 uersabitur.

343 1855 483 1906 XIV.
516 1856 593 1906 30.
630 1855 742 1906 Iam
772 1871 886 1923 ergo
918 1855 981 1906 ad
1013 1871 1126 1906 eam
1157 1861 1359 1922 partem
1391 1854 1673 1916 ueniamus9
1705 1855 1756 1905 in
1789 1871 1886 1922 qua
1916 1854 2157 1908 dubitare

205 1937 374 1988 adhue
409 1936 614 1988 uidetur
648 1936 878 2003 Alypius
914 1943 965 1988 et
999 1936 1162 2003 primo
1197 1935 1246 1986 id
1282 1935 1451 2003 ipsum
1485 1935 1854 2003 perspiciamus
1890 1936 2037 2004 quale
2072 1936 2155 1990 sit.

212 2018 343 2085 quod
381 2026 430 2069 te
461 2017 755 2069 acutissime
789 2023 944 2084 atque
979 2016 1275 2069 cautissime
1309 2024 1499 2069 mouet.
1553 2034 1673 2068 nam
1707 2016 1748 2068 si
1782 2023 1861 2069 tot
1894 2017 2158 2085 tantisque

210 2099 494 2150 rationibus
532 2098 829 2150 roboratam
866 2129 930 2134 —-
966 2098 1061 2150 hoc
1097 2098 1233 2149 enim
1269 2098 1448 2150 dixisti
1486 2129 1550 2133 —
1586 2098 2011 2151 Academicorum
2048 2116 2160 2151 sen-

212 2179 445 2233 tentiam.
480 2196 575 2246 qna
608 2179 677 2230 eis
708 2179 900 2246 placuit
931 2179 1055 2230 nihil
1083 2179 1207 2230 scire
1237 2179 1539 2247 sapientem,
1572 2179 1667 2230 hoc
1695 2186 1845 2231 tuum
1874 2179 2157 2231 labefactat

213 2261 494 2320 inuentum,
531 2277 628 2327 qno
662 2260 890 2327 cogimur
921 2260 1154 2311 confiteri
1188 2260 1349 2312 multo
1383 2278 1492 2312 esse
1524 2260 1840 2328 probabilius
1871 2261 2156 2328 sapientem

206 2342 329 2392 seire
376 2341 701 2408 sapientiam,
751 2341 911 2409 magis
958 2348 1037 2392 est
1083 2341 1311 2392 assensio
1360 2341 1659 2393 cohibenda.
1727 2341 1821 2393 hoc
1867 2342 1976 2409 ipso
2024 2342 2158 2393 enirn

212 2423 500 2473 ostenditur
535 2422 657 2472 nihil
693 2422 974 2490 quamlibet.
1009 2422 1373 2490 copiosissimis
1409 2422 1859 2490 subtilissimisque
1894 2439 2160 2491 argumen-

212 2502 277 2553 tis
306 2520 452 2570 posse
481 2503 696 2558 suaderi,
727 2503 805 2554 cui
834 2520 935 2554 non
962 2521 1025 2555 ex
1051 2510 1196 2570 parte
1225 2503 1498 2561 contraria,
1528 2503 1568 2555 si
1595 2503 1726 2555 assit
1754 2503 2028 2572 ingenium,
2059 2520 2158 2555 non

215 2583 378 2635 minus
409 2583 592 2635 aeriter
626 2584 705 2635 nel
726 2584 944 2635 fortasse
967 2584 1131 2635 aerius
1155 2584 1442 2637 resistatur.
1485 2602 1540 2636 eo
1565 2584 1642 2646 fit,
1669 2592 1740 2645 ut,
1766 2599 1880 2636 cum
1903 2585 1969 2636 sit
1993 2584 2159 2636 uictus

215 2665 564 2720 Academicus,
605 2665 798 2716 uicerit.
824 2683 850 2714 o
890 2665 1089 2716 utinam
1128 2665 1388 2717 uincatur!
1427 2682 1712 2733 numquam
1748 2666 1937 2717 efficiet
1977 2664 2158 2732 quauis

209 2755 317 2797 arte
373 2746 599 2811 Pelasga,
654 2754 709 2797 ut
762 2746 913 2797 simul
966 2765 991 2797 a
1046 2763 1124 2797 me
1179 2746 1344 2798 uictus
1401 2747 1663 2812 uictorque
1717 2746 1965 2797 discedat.
2025 2754 2159 2797 certe

301 2948 351 2989 3⁴»
375 2947 426 2988 ef.
451 2947 576 3002 Uerg.
603 2948 709 2989 Aen.
741 2948 779 2988 11
807 2948 883 2990 152

338 3081 360 3122 2
383 3079 584 3132 imperita
608 3080 832 3122 Hmll'ml
856 3079 1054 3136 imperite
1075 3081 1126 3123 M
1236 3081 1259 3121 4
1284 3078 1560 3136 obtemperat
1582 3079 1722 3122 HMT
1826 3081 1877 3124 13
1900 3079 2094 3136 profecta
2116 3081 2163 3122 JI

214 3151 406 3206 profecto
426 3152 511 3194 edd.
642 3156 689 3195 14
715 3159 883 3196 storum
909 3155 1012 3196 Pml
1139 3152 1523 3197 mendacissimam
1545 3152 1712 3197 HMmI
1729 3153 1765 3194 T
1782 3153 1867 3194 edd.
1997 3156 2046 3197 16
2069 3166 2166 3194 eon-

215 3226 444 3268 temnenda
473 3227 508 3268 T
584 3227 698 3270 fame
721 3225 864 3282 necet]
888 3228 1000 3270 fame
1023 3232 1150 3284 neget
1174 3227 1216 3268 H
1236 3226 1352 3269 fame
1374 3230 1527 3270 enecet
1547 3244 1586 3271 m
1611 3230 1760 3270 enecet
1779 3239 1803 3267 cz
1920 3225 1998 3267 hae
2023 3226 2059 3266 T
2075 3225 2160 3268 edd.

216 3299 518 3354 praeceptione
539 3300 578 3341 T
674 3301 718 3343 21
746 3299 894 3356 atque]
918 3305 961 3343 et
984 3302 1031 3344 M
1140 3300 1282 3344 mouit
1302 3301 1342 3342 T
1449 3300 1499 3344 25
1520 3301 1636 3343 enim
1657 3301 1749 3354 ipso
1769 3299 1856 3341 edd.
1957 3301 2008 3344 26
2027 3300 2166 3355 supti-

215 3370 471 3428 lissimisqne
497 3375 533 3415 P
556 3373 912 3430 stultissimisque
936 3376 985 3417 M
1075 3375 1125 3418 27
1150 3374 1328 3417 suadere
1352 3373 1494 3417 HMP
1580 3372 1614 3415 si
1636 3374 1817 3417 omHJl
1906 3372 2014 3415 assit
2031 3373 2166 3415 omM

215 3444 269 3486 sit
296 3445 333 3485 ΙΙ
404 3448 455 3488 2⁴.)
476 3447 679 3501 quamuis
704 3448 799 3490 HM
