2398 3724
1145 484 1182 536 I.

539 589 815 643 CONTRA
865 585 1303 641 ACADEMICOS
1353 586 1549 640 LIBRI
1595 587 1790 640 TRES.

885 758 1100 812 LIBER
1150 758 1431 833 Pauus.

320 886 358 937 I.
395 888 437 938 I.
474 885 516 936 C
549 884 766 939 utinam,
806 883 1141 944 Rmnaniane,
1175 883 1436 935 hominem
1469 882 1565 934 sibi
1598 890 1779 950 aptum
1813 882 1887 935 ita
1918 882 2145 934 uicissim

130 988 151 1022 I>
187 968 352 1019 uirtus
383 967 620 1018 fortunae
651 965 959 1034 repugnanti
991 971 1163 1033 posset
1196 964 1409 1022 auferre,
1445 971 1499 1016 ut
1533 963 1597 1015 ab
1628 980 1688 1016 ea
1717 964 1813 1015 sibi
1844 963 2030 1016 auferri
2062 981 2146 1016 ne-

187 1050 375 1100 minem
389 1048 605 1115 patitur,
632 1046 735 1098 iani
756 1046 851 1099 tibi
878 1046 1108 1115 profecto
1130 1045 1390 1098 iniecisset
1413 1062 1597 1097 manus
1618 1046 1798 1114 suique
1820 1045 1942 1097 iuris
1965 1053 2015 1098 te
2037 1063 2144 1098 esse

187 1129 508 1198 proclamans
545 1135 596 1181 et
633 1128 686 1179 in
722 1129 975 1180 bonorum
1014 1127 1418 1180 certissimorum
1456 1127 1832 1195 possessionem
1869 1128 2146 1179 traducens

186 1228 245 1263 ne
281 1211 536 1279 prosperis
572 1210 779 1278 quidem
814 1209 1018 1261 casibus
1052 1209 1239 1261 seruire
1273 1209 1613 1277 permitteret.
1668 1210 1754 1261 sed
1792 1208 2036 1276 quoniam
2072 1209 2144 1261 ita

184 1299 543 1360 comparatum
564 1298 642 1344 est
665 1292 771 1343 siue
793 1307 883 1359 pro
908 1290 1104 1343 meritis
1126 1291 1315 1342 nostris
1337 1290 1444 1342 siue
1466 1306 1556 1359 pro
1580 1290 1887 1342 necessitate
1911 1298 2145 1352 naturae,

99 1392 149 1428 ιο
185 1381 240 1426 ut
266 1374 502 1425 diuinum
530 1373 758 1424 animum
786 1372 1091 1424 mortalibus
1116 1372 1470 1424 inhaerentem
1496 1388 1826 1440 nequaquam
1859 1371 2143 1439 sapientiae

98 1798 144 1833 15

96 2203 146 2239 20

185 1462 362 1522 portus
393 1454 630 1522 accipiat,
672 1453 758 1506 ubi
801 1470 965 1522 neque
998 1455 1306 1506 aduersante
1338 1453 1575 1506 fortunae
1608 1453 1739 1506 flatu
1770 1470 1935 1520 neque
1967 1470 2145 1505 secun-

181 1537 339 1588 dante
374 1542 662 1597 moueatur,
699 1534 797 1586 nisi
831 1553 887 1587 eo
924 1534 1068 1586 illum
1102 1535 1216 1603 ipsa
1248 1534 1332 1587 uel
1364 1536 1591 1587 secunda
1624 1535 1707 1587 uel
1742 1535 1890 1603 quasi
1927 1535 2143 1588 aduersa

182 1618 447 1686 perducat,
472 1616 600 1669 nihil
620 1633 710 1686 pro
745 1624 795 1668 te
830 1616 978 1669 nobis
1003 1616 1141 1668 aliud
1180 1634 1336 1685 quain
1369 1624 1496 1669 uota
1518 1624 1732 1679 restant,
1760 1616 1946 1684 quibus
1971 1615 2035 1668 ab
2058 1615 2140 1668 illo

184 1699 264 1750 cui
291 1699 416 1751 haec
443 1715 591 1750 curae
618 1706 737 1750 sunt
765 1699 876 1754 deo.
906 1698 947 1750 si
973 1715 1262 1767 possumus,
1294 1699 1646 1767 iIIipetreIIIuS‚
1674 1705 1731 1751 ut
1759 1705 1810 1750 te
1835 1698 1933 1750 tibi
1960 1698 2141 1750 reddat

182 1812 245 1816 —
273 1780 348 1832 ita
377 1780 513 1832 enim
543 1780 689 1831 facile
721 1781 898 1832 reddet
929 1788 979 1831 et
1011 1780 1158 1831 nobis
1188 1812 1251 1816 —-
1279 1781 1520 1848 sinatque
1550 1787 1779 1832 mentem
1807 1779 1947 1831 illam
1975 1787 2140 1842 tuam,

183 1878 312 1928 quae
337 1861 728 1929 respirationem
752 1860 853 1911 iam
878 1861 965 1912 diu
993 1862 1233 1928 parturit,
1262 1862 1539 1930 aliquando
1566 1862 1618 1912 in
1643 1878 1794 1913 auras
1819 1877 1969 1912 uerae
1994 1861 2141 1912 liber-

182 1942 307 1993 tatis
356 1958 623 2011 emergere.
693 1942 884 1994 etenim
933 1942 1152 1994 fortasse
1198 1935 1333 2010 ‘quae
1381 1943 1535 2011 uulgo
1586 1943 1795 1994 fortuna
1845 1942 2144 1993 nominatur

181 2024 380 2076 occulto
413 2025 639 2092 quodam
667 2024 843 2075 ordine
874 2023 1067 2092 regitur
1094 2024 1322 2092 nihilque
1353 2024 1488 2076 aliud
1519 2024 1571 2074 in
1600 2025 1750 2076 rebus
1781 2040 1957 2075 casum
1992 2041 2141 2075 uoca-

183 2122 312 2167 muS‚
337 2106 435 2156 nisi
461 2105 604 2157 cuius
628 2105 759 2157 ratio
797 2115 846 2157 et
885 2122 1041 2157 causa
1064 2113 1262 2158 secreta
1284 2113 1378 2168 est,
1405 2105 1635 2174 nihilque
1659 2123 1747 2158 seu
1774 2105 2031 2157 commodi
2056 2123 2143 2157 seu

184 2186 492 2238 incommodi
521 2186 773 2254 contingit
801 2187 852 2237 in
881 2195 1042 2255 parte,
1076 2190 1210 2256 quod
1240 2205 1343 2240 non
1371 2188 1645 2240 conueniat
1674 2196 1723 2240 et
1753 2193 2000 2254 congruat
2031 2187 2141 2238 uni-

183 2283 343 2319 uerso,
393 2284 549 2336 quain
577 2267 890 2319 sententiam
917 2269 1291 2320 uberrimarum
1317 2270 1672 2321 doctrinarum
1699 2269 1918 2321 oraculis
1946 2268 2140 2320 editam

180 2355 533 2417 remotamque
578 2349 873 2418 longissime
920 2349 986 2401 ab
1031 2350 1296 2403 intellectu
1343 2351 1677 2419 profanorum
1723 2368 1773 2402 se
1819 2352 2141 2402 demonstra·

180 2437 352 2483 turam
381 2431 514 2483 ueris
545 2431 863 2483 amatoribus
894 2431 997 2483 suis
1029 2433 1092 2484 ad
1125 2449 1281 2500 quam
1308 2438 1360 2484 te
1390 2432 1554 2484 inuito
1586 2431 1909 2500 philosophia
1938 2431 2141 2499 pollice-

331 2632 356 2674 9
379 2633 430 2675 cf.
458 2632 655 2677 Retract.
681 2634 698 2675 I
724 2634 758 2685 1,
782 2635 806 2677 3
920 2637 968 2680 17
991 2633 1044 2676 cf.
1075 2633 1268 2677 Retract.
1296 2635 1315 2676 I
1340 2638 1375 2682 1,
1399 2635 1421 2677 2

332 2767 356 2808 2
379 2763 607 2808 AURELI
628 2765 961 2810 AL'GUSTINI
983 2755 1081 2808 {1³1
1104 2766 1476 2810 CATHOLICAE
1497 2766 2021 2810 ACHADEMICORUM
2044 2751 2141 2808 [ΑΕ

183 2837 408 2882 PRIMUS
433 2839 658 2883 INCIPIT
682 2840 721 2883 P
752 2840 1032 2884 EXPLICIT
1066 2829 1339 2884 RETRACT
1376 2841 1598 2884 INCIPIT
1632 2841 1817 2884 LIBER
1841 2841 1872 2883 I.
1920 2830 2005 2883 'sUI
2039 2840 2140 2883 AI?-

185 2911 429 2955 GUSTINI
463 2903 564 2955 E—PI
598 2913 831 2957 CONTRA
866 2914 1288 2959 ACHADEMICOS
1322 2915 1374 2958 M
1412 2915 1634 2958 INCIPIT
1666 2900 1764 2958 ΕΓΒ
1807 2915 1855 2957 ·Ι·
1889 2914 2138 2957 AI'RELII

183 2985 421 3029 AUGUS'I'
447 3021 455 3028 .
482 3019 489 3027 .
515 3021 522 3028 .
569 2986 805 3031 CONTRA
827 3022 972 3032 .....
1013 2989 1053 3031 T
1072 2989 1124 3032 D.
1163 2989 1415 3033 AURELII
1441 2988 1776 3033 AUGUSTINI
1809 2989 2140 3032 ACHADEMI-

178 3058 385 3102 CORUM
409 3060 594 3103 LIBER
616 3061 840 3106 PRIMUS
863 3063 1001 3119 suppl.
1027 3079 1082 3107 m.
1106 3077 1179 3105 rec.
1206 3064 1249 3106 H
1348 3068 1371 3107 4
1393 3064 1532 3119 prima
1557 3063 1678 3106 uerba
1703 3066 1851 3106 resecta
1875 3063 1951 3106 litt.
1979 3062 2143 3105 I'm'ti'alt'

180 3131 315 3176 lacera
337 3136 370 3176 et
390 3148 542 3178 manca
565 3135 723 3178 exhibet
748 3137 782 3178 T
871 3136 896 3178 C
921 3137 1194 3182 manunITm
1286 3138 1311 3180 8
1332 3136 1539 3194 permitte
1562 3137 1834 3192 permitteret
1858 3136 1944 3190 (ret
1963 3137 2008 3179 rin
2036 3140 2088 3190 r.)
2104 3136 2139 3177 P

180 3207 205 3248 9
229 3207 517 3256 necessitate*
542 3212 603 3265 (m
627 3212 729 3263 ras.)
746 3210 781 3252 P
914 3211 961 3254 122
985 3212 1078 3267 ipsa
1102 3211 1242 3254 HMP
1264 3211 1357 3266 ipsa
1378 3212 1556 3255 fortuna
1574 3211 1610 3253 T
1633 3211 1720 3253 edd.
1855 3211 1901 3253 15
1925 3209 2084 3252 redded
2103 3210 2137 3251 T

181 3284 305 3322 tuam
326 3280 498 3324 illamT
595 3282 646 3324 19
668 3281 729 3338 et]
753 3283 819 3326 uel
838 3283 871 3325 T
968 3292 1159 3327 secraeta
1178 3285 1283 3328 sz
1384 3286 1434 3328 20
1458 3283 1519 3339 et]
1543 3285 1630 3328 iam
1652 3287 1697 3328 et
1714 3285 1749 3326 T
1848 3285 1898 3327 29.
1923 3288 2138 3327 monstra·

182 3359 327 3396 turam
345 3355 382 3395 T

1993 3444 2041 3488 1*
