2398 3724
203 230 266 281 78
827 243 860 286 Ι.
905 243 1119 288 Contra.
1160 242 1539 287 Academicos

205 411 443 447 uerarum
465 395 655 448 similes
680 396 859 448 uidens
881 395 950 455 id,
978 396 1113 464 quod
1142 395 1194 446 in
1220 395 1316 448 hoc
1342 397 1535 448 mundo
1564 396 1630 448 ad
1655 397 1913 466 agendum
1939 414 2172 466 sequere-

202 484 304 539 tur,
338 477 444 529 ueri
474 477 636 530 simile
667 477 973 530 nominauit.
1027 478 1106 529 cui
1138 478 1274 529 enim
1305 486 1440 530 esset
1460 478 1641 541 simile,
1670 484 1722 530 et
1747 478 1908 547 perite
1941 486 2090 532 norat
2121 486 2171 532 et

203 560 487 627 prudenter
521 559 732 628 tegebat
769 559 922 628 idque
959 559 1120 611 etiam
1157 559 1421 627 probabile
1458 558 1773 628 appellabat.
1813 560 2001 628 probat
2037 560 2171 613 enini

204 641 331 693 bene
367 641 662 710 imaginem,
704 641 938 710 quisquis
976 641 1082 693 eius
1119 641 1354 694 intuetur
1389 641 1698 710 exemplum.
1741 643 1997 710 quomodo
2036 642 2172 694 enim

202 723 460 791 approbat
477 723 682 791 sapiens
700 731 790 776 aut
813 724 1070 792 quomodo
1089 723 1252 774 simile
1271 723 1506 791 sequitur
1526 723 1648 785 ueri,
1670 740 1787 775 cum
1803 723 1974 792 ipsum
1993 740 2171 776 uerum
2208 742 2228 778 5

205 805 341 873 quod
363 805 430 857 sit
451 804 687 874 ignoret?
712 822 829 875 ergo
851 805 922 856 illi
942 812 1131 857 norant
1152 811 1203 857 et
1224 805 1589 874 approbabant
1611 805 1759 862 falsa,
1783 805 1835 856 in
1857 805 2042 874 quibus
2063 806 2173 857 imi-

202 886 460 939 tationem
482 887 796 940 laudabilem
819 903 989 939 rerum
1014 903 1252 939 uerarum
1275 887 1638 939 aduertebant.
1664 888 1752 939 sed
1779 886 1897 955 quia
1922 887 2018 939 hoc
2039 894 2173 940 tani-

205 985 361 1037 quam
388 969 618 1037 profanis
644 986 737 1022 nec
763 969 841 1022 fas
868 985 960 1021 nec
986 968 1134 1021 facile
1161 976 1272 1021 erat
1299 969 1584 1030 ostendere,
1614 969 1929 1037 reliquerunt
1956 969 2174 1037 posteris

203 1058 256 1103 et
288 1050 472 1119 quibus
501 1051 585 1102 illo
615 1058 846 1119 tempore
874 1057 1159 1119 potuerunt
1188 1050 1392 1120 signum
1424 1051 1686 1119 quoddam
1715 1051 2003 1103 sententiae
2032 1068 2172 1113 suae,

203 1132 313 1185 illos
332 1140 510 1185 autem
528 1132 656 1186 bene
674 1133 972 1186 dialecticos
990 1133 1053 1185 de
1074 1132 1243 1185 uerbis
1261 1149 1467 1185 mouere
1489 1133 1841 1201 quaestionem
1865 1132 2174 1185 insultantes
2211 1151 2260 1186 10

203 1214 587 1283 inridentesque
615 1215 977 1283 prohibebant.
1026 1214 1092 1267 ob
1119 1215 1245 1267 haec
1270 1214 1462 1267 dicitur
1487 1215 1775 1267 Carneades
1802 1215 1961 1267 ctiam
1987 1215 2173 1267 tertiae

204 1296 514 1349 Academiae
552 1297 788 1366 princeps
826 1303 984 1365 atque
1022 1303 1205 1349 auctor
1241 1296 1414 1349 fuisse.

336 1403 414 1453 41.
464 1401 660 1454 Deinde
706 1401 760 1453 in
804 1408 1041 1454 nostrum
1088 1401 1313 1452 Tullium
1359 1400 1621 1453 conflictio
1668 1400 1769 1453 ista
1816 1400 2026 1453 durauit
2072 1400 2175 1452 iam

204 1482 355 1551 plane
383 1483 557 1535 saucia
587 1491 638 1536 et
670 1483 852 1536 ultimo
880 1483 1067 1552 spiritu
1095 1483 1311 1536 Latinas
1345 1482 1546 1536 litteras
1582 1483 1842 1535 inflatura.
1897 1499 2019 1536 nam
2053 1482 2179 1534 nihil

204 1565 329 1617 mihi
345 1565 553 1618 uidetur
566 1565 798 1618 inflatius
816 1582 972 1634 quam
995 1572 1105 1618 tam
1131 1565 1297 1618 multa
1313 1564 1661 1633 copiosissime
1677 1572 1834 1632 atque
1849 1565 2176 1617 ornatissime
2214 1581 2262 1617 15

205 1647 371 1700 dicere
398 1663 502 1700 non
526 1647 601 1700 ita
628 1647 954 1701 sentientem.
986 1646 1171 1715 quibus
1205 1653 1383 1700 tamen
1408 1647 1577 1699 uentis
1604 1647 1813 1698 faeneus
1846 1646 1926 1698 ille
1949 1646 2177 1699 Platoni-

205 1745 292 1780 cus
320 1729 606 1782 Antiochus
633 1730 777 1787 satis,
808 1736 865 1782 ut
892 1729 1018 1782 mihi
1046 1729 1268 1790 uidetur,
1296 1729 1581 1797 dissipatus
1609 1735 1766 1796 atque
1792 1728 2053 1796 dispersus
2081 1735 2175 1780 est.

205 1828 327 1863 nam
360 1811 732 1879 Epicureorum
762 1829 936 1881 greges
969 1811 1021 1862 in
1053 1811 1238 1863 animis
1269 1810 1630 1863 deliciosorum
1663 1810 1971 1878 populorum
2003 1810 2177 1878 aprica

207 1892 416 1945 stabula
452 1900 753 1962 posuerunt.
821 1893 1009 1962 quippe
1051 1887 1354 1954 Antiochus,
1403 1892 1631 1944 Philonis
1669 1892 1890 1949 auditor,
1938 1891 2176 1954 hominis,

206 1982 464 2043 quantum
494 1975 732 2039 arbitror,
764 1974 1287 2044 circumspectissimi,
1326 1974 1411 2043 qui
1440 1974 1544 2026 iam
1579 1973 1740 2026 ueluti
1771 1974 1967 2042 aperire
1999 1975 2179 2026 ceden-
2214 1991 2264 2027 20

206 2056 346 2109 tibus
379 2057 615 2110 hostibus
648 2065 825 2126 portas
859 2064 1098 2126 coeperat
1130 2064 1182 2110 et
1215 2058 1280 2110 ad
1316 2056 1548 2109 Platonis
1581 2056 1951 2108 auctoritatem
1984 2056 2179 2108 Acade—

211 2139 370 2191 miam
394 2139 628 2208 legesque
652 2156 892 2192 reuocare
914 2171 980 2176 —-
1001 2156 1320 2207 quamquam
1342 2145 1393 2190 et
1416 2138 1739 2190 Metrodorus
1763 2138 1812 2189 id
1836 2145 1988 2189 antea
2013 2137 2178 2189 facere

207 2227 577 2289 temptauerat,
608 2222 692 2289 qui
719 2222 914 2290 primus
939 2221 1131 2273 dicitur
1154 2238 1263 2273 esse
1290 2219 1553 2272 confessus
1579 2236 1682 2271 non
1705 2220 1899 2272 directo
1928 2219 2178 2288 placuisse

209 2303 530 2355 Academicis
566 2303 693 2355 nihil
723 2320 875 2372 posse
912 2302 1273 2371 conprehendi,
1312 2303 1399 2354 sed
1437 2301 1723 2354 necessario
1761 2308 1938 2353 contra
1982 2301 2178 2353 Stoicos

208 2384 358 2436 huius
385 2385 525 2437 modi
551 2403 635 2438 eos
662 2402 807 2438 arma
833 2385 1114 2454 sumpsisse
1162 2416 1228 2421 ——
1251 2384 1408 2454 igitur
1434 2383 1736 2445 AntiochuS,
1767 2390 1822 2435 ut
1850 2383 2178 2435 institueram
2215 2398 2264 2435 25

207 2467 390 2528 dicere,
419 2467 611 2520 auditis
640 2467 852 2520 Philone
881 2467 1191 2520 Academico
1219 2473 1270 2519 et
1293 2465 1600 2518 'Mnesarcho
1633 2465 1803 2517 Stoico
1834 2466 1883 2515 in
1913 2464 2180 2517 Academi-

209 2565 294 2600 am
319 2556 546 2601 ueterem
571 2550 718 2617 quasi
743 2566 963 2602 uacuam
984 2548 1342 2602 defensoribus
1366 2555 1417 2600 et
1443 2547 1590 2616 quasi
1614 2546 1751 2598 nullo
1776 2547 1923 2598 hoste
1947 2563 2177 2598 securam

210 2629 352 2683 uelut
378 2630 586 2682 adiutor
609 2640 660 2683 et
687 2631 813 2683 ciuis
839 2631 1124 2700 inrepserat
1150 2630 1319 2683 nescio
1349 2630 1470 2698 quid
1497 2629 1718 2681 inferens
1745 2629 1865 2681 mali
1892 2630 1953 2681 de
1986 2628 2179 2680 Stoico-

210 2728 324 2764 rum
344 2711 614 2775 cineribUS,
639 2714 774 2780 quod
797 2713 1030 2765 Platonis
1050 2714 1213 2782 adyta
1235 2711 1467 2764 uiolaret.
1508 2712 1595 2763 sed
1618 2710 1735 2762 huic
1754 2711 1971 2778 arreptis
1993 2710 2180 2762 iterum

336 2922 363 2965 6
382 2921 435 2967 cf.
462 2923 658 2968 Retract.
683 2924 703 2966 Ι
726 2925 762 2972 1,
788 2924 834 2968 11

340 3060 359 3101 1
383 3056 429 3100 id
452 3056 602 3100 uidens
625 3058 667 3100 H
788 3059 843 3101 ad
866 3058 961 3100 MT
988 3057 1031 3102 in
1058 3059 1143 3101 ΗΡ
1260 3059 1283 3101 2
1306 3058 1396 3100 ueri
1418 3057 1577 3100 similes
1600 3058 1651 3100 Μ
1770 3057 1793 3096 53
1818 3055 2125 3112 appellabatur
2145 3057 2179 3098 T

209 3135 234 3175 4
261 3131 357 3175 eius
378 3134 516 3176 omM
612 3132 745 3189 enim]
769 3132 876 3175 nihil
898 3145 997 3190 ergo
1022 3135 1058 3177 T
1155 3135 1180 3177 6
1201 3132 1318 3189 quod
1342 3133 1431 3175 ΗΡ
1452 3130 1559 3189 quid
1581 3130 1776 3174 JITech.
1870 3128 2118 3187 approbant
2145 3130 2181 3171 P

213 3204 370 3249 falsam
392 3208 482 3250 ΗΡ
569 3211 590 3252 ’ἶ
613 3206 1033 3251 animaduertebant
1058 3210 1135 3252 Tm
1234 3210 1282 3250 11
1307 3209 1389 3250 hoc
1409 3206 1494 3248 edd.
1588 3210 1652 3251 17.
1682 3206 1742 3247 19.
1769 3207 1819 3248 25
1841 3204 2072 3249 anthiocus
2095 3205 2182 3245 III'

216 3280 265 3324 18
287 3281 591 3325 delitiosorum
616 3283 654 3325 P
746 3280 913 3339 aprica]
936 3283 991 3325 ad
1014 3282 1158 3339 prisca
1179 3283 1231 3326 M
1333 3281 1385 3323 19
1407 3280 1613 3337 philionis
1635 3280 1723 3322 ΗΡ
1818 3281 1868 3323 21)
1888 3284 2121 3335 quamtum
2146 3279 2182 3319 Ι)

216 3356 267 3399 22
288 3361 390 3400 ante
412 3358 464 3400 M
611 3358 662 3400 23
685 3355 853 3400 directo
876 3356 1030 3411 scripsi
1051 3355 1230 3399 derecto
1252 3357 1348 3400 ΗΜ
1359 3356 1424 3398 Ρα
1446 3355 1620 3398 decreto
1648 3357 1725 3398 Tm
1845 3354 1895 3395 25
1918 3352 2121 3395 sumsisse
2148 3354 2182 3395 T

212 3433 265 3472 ut
285 3444 349 3474 om
369 3431 491 3475 Mml
571 3431 859 3475 instituerant
873 3432 994 3474 Μυι]
1066 3431 1118 3474 26
1139 3428 1325 3485 audistis
1347 3431 1399 3474 M
1479 3427 1671 3486 philione
1695 3427 1805 3471 Hm?
1816 3427 1920 3471 sz‘
1945 3426 2182 3483 philionem

213 3505 440 3549 HmIPmJ
561 3503 836 3560 Mnesarcho]
869 3518 996 3548 omne
1031 3519 1131 3548 arco
1169 3505 1284 3548 HPa
1315 3516 1443 3548 omne
1476 3504 1607 3546 archo
1640 3504 1692 3546 M
1828 3502 1879 3544 29
1912 3501 2034 3545 adita
2066 3500 2177 3543 codd.
