2398 3724
137 1135 184 1171 10

136 1540 185 1576 15

134 1946 185 1982 20

1118 225 1154 270 1,
1197 222 1303 266 2—-4
2105 211 2163 264 91

221 374 352 425 illius
371 380 534 427 terrae
554 373 891 430 uicinitatem,
914 372 1381 426 beniuolentissime
1398 373 1600 425 docent.
1621 373 1694 425 ita
1715 389 1831 425 cum
1848 373 1918 426 eis
1938 374 2170 427 inuident

222 454 556 506 uanissimam
581 454 811 523 gloriam,
841 454 1009 507 locum
1035 454 1325 507 securitatis
1353 455 1650 506 ostendunt.
1699 471 1819 506 nam
1849 471 2000 522 quem
2027 472 2171 508 mon-

220 542 328 588 tem
370 534 527 587 alium
571 535 683 587 uult
728 534 951 604 intellegi
995 535 1124 587 ratio
1170 534 1637 604 propinquantibus
1682 536 1747 587 ad
1792 535 2169 605 philosophiam

221 616 522 686 ingressisue
550 617 888 669 metuendum
915 615 1013 667 nisi
1040 616 1317 685 superbum
1345 616 1575 668 studium
1604 616 1933 669 inanissimae
1964 617 2167 686 gloriae.

223 699 359 766 quod
383 697 460 750 ita
481 697 610 749 nihil
631 697 770 750 intus
796 697 1004 765 plenum
1028 704 1185 766 atque
1210 696 1430 749 solidum
1456 697 1628 759 habet,
1651 704 1708 749 ut
1733 697 1942 750 inflatos
1967 698 2063 750 sibi
2087 715 2169 751 su-

222 778 639 847 perambulantes
668 777 1008 847 subcrepante
1040 776 1204 847 fragili
1236 778 1341 830 solo
1373 780 1638 848 demergat
1670 795 1730 830 ac
1760 779 1966 832 sorbeat
1998 779 2169 848 eisque

220 860 273 911 in
323 859 560 912 tenebras
616 859 861 912 reuolutis
913 859 1097 928 eripiat
1149 859 1464 912 luculentam
1516 861 1744 919 domum,
1801 877 1956 928 quam
2008 878 2168 930 paene

220 940 323 993 iam
359 940 635 994 uiderant?

353 1038 398 1088 4.
444 1036 583 1098 Quae
618 1052 733 1088 cum
766 1036 840 1088 ita
874 1036 993 1098 sint,
1028 1036 1215 1105 accipe,
1252 1036 1321 1087 mi
1355 1036 1617 1089 Theodore
1652 1067 1716 1072 —
1745 1053 1968 1105 namque
2002 1039 2067 1090 ad
2100 1038 2167 1100 id,

223 1118 356 1185 quod
387 1118 634 1178 desidem,
667 1124 718 1170 te
750 1134 910 1168 unum
940 1117 1142 1170 intueor
1174 1125 1326 1185 teque
1359 1118 1687 1186 aptissimum
1719 1119 2172 1187 sempergadmiror

220 1229 286 1234 -
314 1199 500 1267 accipe,
543 1199 769 1266 inquam,
804 1205 855 1251 et
889 1200 1025 1266 quod
1056 1198 1257 1250 illorum
1288 1198 1446 1251 trium
1476 1216 1633 1268 genus
1667 1199 1933 1251 hominum
1965 1217 2043 1252 me
2077 1200 2170 1253 tibi

219 1280 418 1332 dederit
447 1287 498 1332 et
530 1297 627 1348 quo
659 1280 767 1331 loco
798 1280 923 1331 mihi
952 1297 1059 1332 esse
1091 1280 1267 1331 uidear
1294 1286 1345 1332 et
1375 1280 1466 1332 abs
1496 1289 1547 1333 te
1579 1280 1718 1332 cuius
1749 1280 1887 1332 modi
1923 1281 2170 1333 auxilium

222 1368 389 1413 certus
422 1367 703 1429 expectem.
757 1378 846 1430 ego
880 1361 946 1413 ab
979 1377 1139 1429 usque
1172 1360 1587 1414 undeuicensimo
1622 1379 1755 1414 anno
1790 1363 1977 1415 aetatis
2010 1379 2168 1424 meae,

220 1450 498 1510 postquam
526 1441 580 1493 in
608 1441 779 1494 schola
811 1442 1026 1495 rhetoris
1057 1441 1242 1494 librum
1272 1442 1415 1494 illum
1445 1443 1714 1504 Ciceronis,
1748 1442 1833 1510 qui
1865 1443 2170 1496 Hortensius

221 1530 452 1585 uocatur,
481 1523 668 1591 accepi,
697 1530 846 1575 tanto
874 1540 1046 1576 amore
1072 1523 1422 1592 philosophiae
1450 1541 1721 1576 succensus
1748 1541 1878 1586 sum,
1907 1531 1964 1577 ut
1991 1524 2171 1577 statim

221 1605 285 1656 ad
312 1621 425 1656 eam
450 1621 530 1656 me
557 1604 684 1656 ferre
710 1604 1000 1657 meditarer.
1047 1606 1133 1656 sed
1161 1621 1324 1672 neque
1350 1605 1474 1656 mihi
1501 1605 1716 1657 nebulae
1742 1605 2032 1668 defuerunt,
2063 1606 2171 1674 qui-

223 1685 314 1737 bus
351 1685 750 1738 confunderetur
785 1701 960 1738 cursus
996 1703 1154 1746 meus,
1193 1692 1244 1738 et
1279 1686 1383 1747 diu,
1423 1686 1602 1745 fateor,
1644 1686 1828 1755 quibus
1864 1686 1916 1738 in
1952 1702 2171 1739 errorem

220 1767 444 1828 ducerer,
490 1766 717 1819 labentia
759 1766 811 1818 in
855 1767 1117 1819 Oceanum
1161 1773 1302 1819 astra
1345 1768 1566 1836 suspexi.
1612 1785 1735 1820 nam
1779 1775 1828 1820 et
1873 1768 2169 1836 superstitio

223 1849 475 1915 quaedam
498 1847 702 1915 puerilis
725 1865 804 1900 me
827 1848 894 1900 ab
914 1848 1023 1916 ipsa
1047 1848 1377 1916 inquisitione
1398 1849 1625 1902 terrebat
1648 1856 1714 1905 et,
1742 1849 1826 1900 ubi
1849 1849 2017 1901 factus
2040 1865 2172 1901 erec-

219 1929 320 1980 tior
340 1928 479 1980 illam
502 1928 771 1997 caliginem
791 1929 980 1997 dispuli
1002 1929 1227 1997 mihique
1250 1930 1479 1998 persuasi
1500 1930 1804 1982 docentibus
1828 1930 1998 1998 potius
2017 1947 2170 1998 quam

221 2009 515 2062 iubentibus
545 2027 652 2062 esse
683 2012 983 2072 cedendum,
1016 2010 1169 2062 incidi
1199 2011 1250 2061 in
1280 2011 1526 2072 homines,
1561 2011 1744 2080 quibus
1776 2011 1865 2063 lux
1892 2012 2007 2069 ista,
2043 2029 2170 2080 quae

221 2091 377 2142 oculis
404 2092 640 2152 cernitur,
668 2091 801 2144 inter
825 2109 1021 2144 summe
1043 2092 1222 2143 diuina
1248 2092 1458 2145 colenda
1486 2093 1758 2145 uideretur.
1792 2109 1894 2144 non
1918 2093 2172 2146 adsentie-

222 2170 314 2222 bar
345 2173 430 2223 sed
465 2173 718 2239 putabam
751 2190 834 2224 eos
871 2190 1114 2242 magnum
1149 2173 1340 2242 aliquid
1376 2180 1542 2242 tegere
1577 2174 1672 2225 illis
1707 2174 1997 2235 inuolucris,
2035 2176 2169 2242 quod

220 2259 390 2305 essent
424 2252 699 2320 aliquando
735 2254 977 2321 aperturi.
1014 2260 1069 2306 at
1107 2254 1191 2305 ubi
1225 2254 1480 2306 discussos
1516 2272 1598 2307 eos
1637 2256 1776 2306 euasi
1811 2255 2034 2306 maxime
2069 2263 2172 2307 tra-

135 2352 182 2387 :s
221 2333 350 2386 iecto
376 2333 476 2386 isto
502 2334 647 2395 mari,
673 2334 762 2386 diu
786 2335 1130 2404 gubernacula
1158 2353 1270 2387 mea
1296 2336 1637 2405 repugnantia
1664 2336 1900 2388 omnibus
1928 2336 2094 2388 uentis
2121 2337 2170 2387 in

220 2415 399 2467 mediis
429 2415 672 2468 fluctibus
701 2416 992 2468 Academici
1021 2423 1312 2469 tenuerunt.
1339 2418 1521 2469 deinde
1552 2418 1667 2469 ueni
1693 2418 1744 2468 in
1772 2417 1863 2469 has
1880 2424 2063 2480 terras;
2091 2418 2171 2469 hic

355 2609 403 2652 10
416 2608 470 2651 cf.
491 2610 608 2652 Retr.
630 2610 701 2659 12,
718 2613 740 2655 2
832 2611 881 2652 14
897 2611 949 2653 cf.
967 2610 1051 2654 Cic.
1070 2607 1194 2654 Hort.
1212 2611 1318 2667 frag.
1335 2611 1527 2655 9Miiller
1605 2613 1655 2654 cf.
1676 2612 1794 2655 Conf.
1817 2613 1933 2664 1114,
1949 2614 1971 2656 7
2049 2614 2095 2655 21
2113 2613 2165 2655 cf.

222 2683 321 2726 ibid.
343 2683 463 2735 1116,
480 2684 530 2727 10
549 2697 641 2740 sqq.

349 2788 369 2829 1
395 2786 796 2831 beniuolentissimo
820 2787 928 2831 Am]
952 2787 1361 2831 beneuolentissime
1378 2789 1465 2841 (me
1485 2787 1572 2842 ⁷722)
1596 2790 1647 2832 M
1809 2793 1833 2832 4
1854 2788 2172 2845 ingressi*suae

222 2861 260 2914 (s
278 2861 379 2914 ras.)
400 2861 436 2903 L
530 2860 615 2904 nisi
636 2862 682 2913 (n
705 2874 755 2903 ea?
776 2876 793 2902 κ
814 2864 936 2915 corr.)
962 2861 997 2902 A
1104 2861 1129 2903 5
1152 2855 1318 2917 habent
1340 2863 1391 2905 M
1468 2861 1648 2906 inflatos
1669 2862 1732 2916 (in
1752 2877 1777 2906 α
1798 2862 1886 2916 mS’)
1910 2863 1948 2905 A
2027 2877 2171 2920 super-

221 2933 495 2977 ambulantes
517 2935 557 2976 A
657 2935 681 2976 6
704 2934 1013 2991 subcrepantes
1036 2935 1076 2976 A
1096 2948 1174 2977 sua
1195 2942 1373 2992 repente
1393 2936 1446 2979 M
1537 2938 1559 2978 7
1583 2937 1773 2981 tenebris
1794 2938 1914 2980 Mml
2015 2938 2172 2994 eripiat

221 3006 260 3059 (t
281 3019 331 3047 ex
351 3020 370 3050 s
389 3006 476 3061 ⁷722)
498 3009 536 3050 A
664 3009 936 3051 luculentum
958 3010 1070 3052 Am]
1092 3008 1484 3052 luculentissimam
1504 3024 1572 3055 am
1686 3012 1738 3055 13
1758 3011 2110 3054 undeuice*simo
2131 3012 2169 3053 A

222 3080 544 3124 undeuicesimo
559 3081 679 3137 LMp
760 3086 810 3126 14
834 3081 1052 3138 sc*ola*(h
1073 3085 1110 3124 et
1130 3096 1173 3124 m
1194 3085 1296 3137 ras.)
1320 3083 1359 3125 A
1376 3084 1493 3127 scola
1505 3086 1588 3140 Mp
1649 3085 1832 3128 rethoris
1854 3085 1929 3140 (ris
1947 3085 1995 3126 in
2015 3098 2094 3127 ras.
2112 3086 2170 3135 A)

223 3154 355 3198 ALM
373 3157 595 3198 rhetorum
617 3169 643 3198 a
665 3157 888 3200 rethorum
910 3171 938 3212 p
1040 3156 1304 3200 ihortensius
1325 3160 1364 3201 A
1458 3158 1509 3202 16
1527 3158 1762 3201 transferre
1783 3172 1850 3202 am
1937 3158 2172 3200 meditarer

228 3227 265 3280 (r
284 3228 356 3271 alt.
379 3241 430 3270 ex
447 3244 466 3272 s
485 3232 606 3283 corr.)
629 3230 668 3272 A
761 3231 811 3273 18
834 3231 965 3274 ducor
985 3232 1037 3274 M
1058 3229 1248 3274 ducebar
1267 3245 1335 3275 am
1424 3234 1593 3289 suscepi
1614 3234 1666 3275 M
1767 3232 1818 3273 19
1837 3231 1892 3274 ab
1914 3231 2007 3287 ipsa
2028 3245 2096 3273 me
2117 3233 2170 3275 M

222 3307 268 3343 et
289 3304 424 3346 orn-M
527 3304 581 3346 20
602 3304 818 3359 persuasit
840 3304 874 3346 L
989 3306 1037 3348 21
1061 3305 1329 3348 credendum
1350 3305 1503 3349 Medd.
1614 3306 1664 3350 :22
1686 3319 1853 3347 summe
1880 3305 1918 3346 A
1936 3318 2104 3347 summa
2128 3312 2171 3347 et

225 3374 312 3417 LM
326 3376 412 3417 edd.
511 3377 562 3419 23
582 3377 718 3434 quod]
740 3392 825 3434 que
846 3392 873 3432 p
972 3379 1021 3421 24
1044 3384 1092 3422 at
1110 3389 1164 3420 ex
1183 3383 1233 3422 ut
1253 3392 1353 3421 corr.
1380 3380 1418 3422 A
1514 3379 1566 3422 26
1586 3377 1858 3422 achademici
1878 3378 1988 3420 codd.
2076 3376 2170 3433 has]

225 3451 395 3491 exteras
415 3451 468 3493 M
545 3449 630 3505 hic]
654 3452 695 3493 in
718 3454 768 3495 M
