2398 3724
195 682 215 718 5

168 1089 217 1125 10

165 1495 214 1532 15

163 1903 213 1939 20

163 2308 213 2345 25

163 2727 215 2766 30

1003 185 1047 227 11
1088 183 1155 232 16,
1193 184 1374 233 44-18‚
1413 186 1467 228 47
2111 172 2207 224 179

383 341 461 391 46.
500 338 613 389 Hoc
647 337 806 389 etiam
841 338 903 389 de
939 336 1120 388 ceteris
1156 335 1307 387 huius
1342 335 1483 387 modi
1516 335 1716 387 artibus
1749 335 1985 398 dixerim,
2020 354 2146 405 quas
2175 338 2215 389 si

251 421 458 489 penitus
508 419 726 471 fortasse
776 417 1081 479 contemniS,
1132 419 1387 470 admoneo
1434 423 1503 478 te,
1557 426 1811 484 quantum
1862 417 1999 470 filius
2050 420 2216 471 audeo

254 508 611 570 quantumque
657 499 933 569 permittiS,
981 507 1041 552 ut
1085 498 1242 552 fidem
1288 498 1445 551 istam
1490 507 1655 559 tuam,
1705 515 1861 566 quam
1908 500 2215 552 uenerandis

251 571 510 651 mysteriis
549 581 841 650 percepisti,
884 581 1033 633 firme
1075 588 1331 648 cauteque
1374 580 1653 641 custodias,
1696 580 1883 632 deinde
1926 587 1983 633 ut
2024 581 2078 632 in
2119 582 2217 634 hac

251 665 363 717 uita
397 670 555 732 atque
590 663 819 714 moribus
856 668 1157 714 constanter
1192 661 1571 730 uigilanterque
1607 677 1927 728 permaneas,
1965 664 2028 715 de
2064 663 2214 715 rebus

250 754 427 798 autem
461 744 833 797 obscurissimis
866 752 917 796 et
948 750 1127 795 tamen
1158 743 1366 804 diuinis,
1402 745 1661 810 quomodo
1693 745 1817 795 deus
1851 750 1902 795 et
1933 744 2063 795 nihil
2091 744 2215 797 mali

251 827 412 879 faciat
443 833 494 879 et
525 826 592 878 sit
624 826 950 894 omnipotens
982 832 1034 877 et
1062 832 1215 878 tanta
1246 825 1383 876 mala
1423 824 1557 876 fiant
1599 831 1651 877 et
1682 825 1763 876 cui
1794 825 1929 876 bono
1960 827 2215 878 mundum

253 908 446 969 lecerit,
486 908 572 975 qui
608 924 711 959 non
747 915 857 959 erat
891 906 1149 974 indiguuS,
1187 913 1238 959 et
1275 913 1451 958 utrum
1486 922 1689 975 semper
1723 906 1880 959 fuerit
1915 907 2112 959 malum
2148 925 2215 959 an

250 998 483 1059 tempore
505 989 730 1057 coeperit
745 996 812 1050 et,
835 989 875 1040 si
898 984 1100 1057 semper
1114 988 1230 1050 fuit,
1248 995 1423 1040 utrum
1439 987 1535 1039 sub
1551 987 1846 1040 conditione
1862 988 1942 1040 dei
1970 988 2126 1041 fuerit
2145 996 2212 1051 et,

252 1072 291 1123 si
321 1071 437 1132 fuit,
464 1078 640 1122 utrum
666 1071 825 1122 etiam
854 1071 951 1122 iste
976 1071 1200 1122 mundus
1228 1086 1430 1138 semper
1454 1069 1627 1132 fuerit,
1654 1070 1708 1121 in
1737 1087 1838 1138 quo
1863 1069 1988 1122 illud
2015 1069 2213 1123 malum

250 1153 428 1205 diuino
445 1152 619 1205 ordine
634 1154 1013 1205 domaretur—
1025 1152 1064 1203 si
1081 1158 1258 1204 autem
1273 1151 1593 1204 hicmundus
1609 1151 1891 1220 aliquando
1904 1169 2010 1204 esse
2027 1151 2214 1220 coepit,

252 1235 527 1302 quomodO,
560 1242 843 1302 antequa-m
875 1241 1025 1295 esset,
1058 1240 1322 1302 potestate
1352 1233 1435 1285 dei
1466 1233 1663 1285 malum
1693 1233 1974 1286 tenebatur
2004 1241 2055 1286 et
2090 1233 2213 1302 quid

251 1332 377 1384 opus
414 1323 525 1368 erat
560 1316 814 1367 mundum
852 1315 1113 1375 fabricari,
1155 1331 1255 1383 quo
1291 1315 1505 1377 malum,
1545 1316 1680 1383 quod
1719 1314 1823 1366 iam
1860 1315 1943 1367 dei
1979 1322 2214 1383 potestas

250 1397 506 1459 frenabat,
530 1399 594 1450 ad
617 1413 808 1466 poenas
840 1396 1133 1449 animarum
1165 1396 1544 1452 includeretur?
1577 1396 1616 1448 si
1648 1403 1824 1449 autem
1857 1396 1957 1448 fuit
1987 1405 2213 1466 tempus,

253 1495 353 1547 quo
391 1478 487 1530 sub
523 1479 605 1531 dei
641 1478 873 1531 dominio
910 1478 1105 1530 malum
1144 1495 1247 1529 non
1284 1486 1411 1540 erat,
1453 1478 1576 1546 quid
1614 1478 1789 1530 subito
1826 1478 2033 1540 accidit,
2075 1481 2213 1547 quod

249 1576 339 1629 per
359 1567 570 1613 aeterna
603 1567 740 1613 retro
773 1567 1010 1628 tempora
1045 1577 1148 1611 non
1182 1560 1475 1615 acciderat?
1509 1560 1563 1611 in
1596 1561 1692 1612 deo
1726 1560 1862 1612 enim
1898 1577 2093 1612 nouum
2129 1578 2214 1613 ex-

247 1641 414 1694 titisse
438 1642 723 1704 consilium,
741 1659 802 1693 ne
823 1642 994 1693 dicam
1017 1641 1252 1709 impium,
1268 1641 1651 1710 ineptissimum
1674 1648 1751 1694 est
1772 1642 1954 1694 dicere.
1973 1642 2013 1693 si
2035 1648 2214 1694 autem

248 1722 587 1790 inportunum
613 1722 768 1777 fuisse
809 1730 859 1775 et
901 1723 1047 1791 quasi
1086 1723 1380 1791 improbum
1421 1723 1618 1775 malum
1657 1726 1753 1777 deo
1792 1724 2031 1786 dicimus,
2075 1726 2212 1792 quod

248 1804 480 1856 nonnulli
521 1804 843 1865 existimant,
885 1804 989 1856 iam
1032 1822 1184 1857 nemo
1225 1806 1411 1858 doctus
1453 1804 1613 1857 risum
1654 1805 1872 1868 tenebit,
1916 1822 2068 1858 nemo
2110 1822 2214 1858 non

248 1886 566 1938 suscensebit
597 1886 862 1947 indoctus3
896 1886 1017 1954 quid
1042 1886 1180 1939 enim
1211 1886 1386 1956 potuit
1416 1888 1513 1939 deo
1543 1903 1723 1940 nocere
1753 1888 1878 1940 mali
1906 1887 2079 1941 nescio
2112 1904 2214 1956 qua

247 1967 333 2019 illa
366 1968 592 2020 natura?
637 1969 677 2020 si
721 1968 858 2020 enim
891 1968 1073 2021 dicunt
1105 1985 1208 2020 non
1239 1968 1486 2037 potuisse,
1520 1968 1812 2022 fabricandi
1844 1969 2026 2022 mundi
2058 1986 2215 2022 causa

248 2065 352 2100 non
383 2049 503 2112 erit3
536 2049 576 2100 si
607 2049 837 2118 potuisse
868 2049 1067 2112 dicunt,
1099 2050 1413 2118 inexpiabile
1445 2050 1588 2102 nefas
1620 2047 1883 2104 est'deum
1916 2050 2214 2103 uiolabilem

250 2131 467 2192 credere,
498 2147 591 2182 nec
615 2130 691 2183 ita
719 2131 920 2193 saltem,
951 2138 1009 2183 ut
1037 2131 1120 2183 uel
1147 2131 1342 2184 uirtute
1370 2131 1674 2200 prouiderit,
1704 2150 1766 2185 ne
1794 2150 1885 2185 sua
1915 2132 2215 2186 substantia

249 2211 554 2274 uiolaretur;
581 2229 805 2281 namque
826 2212 1055 2265 animam
1082 2229 1275 2281 poenas
1301 2212 1384 2264 hic
1408 2215 1630 2281 pendere
1657 2213 1907 2276 fatentur,
1936 2231 2053 2266 cum
2079 2214 2215 2267 inter

248 2292 355 2344 eius
384 2300 435 2346 et
462 2294 543 2345 dei
571 2294 924 2346 substantiam
953 2294 1082 2346 nihil
1109 2294 1271 2347 uelint
1301 2294 1511 2347 omnino
1539 2295 1749 2348 distare.
1779 2296 1819 2347 si
1848 2302 2025 2348 autem
2053 2296 2213 2348 istum

248 2375 502 2426 mundum
527 2392 631 2427 non
656 2375 853 2427 factum
880 2376 1132 2438 dicamuS,
1155 2376 1374 2445 impium
1404 2383 1481 2429 est
1510 2384 1670 2445 atque
1698 2377 1961 2446 ingratum
1992 2379 2211 2440 credere,

248 2472 310 2507 ne
341 2455 466 2508 illud
489 2463 753 2524 sequatur,
779 2459 916 2525 quod
936 2459 1061 2509 deus
1085 2475 1203 2510 eum
1225 2474 1329 2510 non
1350 2457 1622 2511 fabricarit
1643 2492 1709 2499 —-
1730 2476 1847 2528 ergo
1867 2461 1929 2512 de
1952 2459 2030 2511 his
2053 2466 2212 2527 atque

249 2536 400 2588 huius
432 2538 572 2589 modi
606 2538 756 2590 rebus
790 2546 882 2591 aut
917 2539 1092 2591 ordine
1125 2539 1211 2591 illo
1244 2539 1550 2592 eruditionis
1584 2547 1676 2593 aut
1709 2541 1850 2593 nullo
1883 2542 2038 2593 modo
2073 2540 2214 2609 quic-

251 2634 407 2685 quam
444 2618 810 2687 requirendum
848 2627 942 2673 est.

380 2713 583 2767 XVIII.
617 2717 696 2768 47.
737 2717 805 2768 Et
842 2734 904 2768 ne
942 2717 1218 2784 quisquam
1255 2716 1568 2769 latissimum
1603 2718 1796 2786 aliquid
1819 2735 1909 2770 nos
1937 2718 2211 2786 conplexos

249 2812 354 2846 esse
388 2795 685 2859 arbitretur,
718 2798 816 2849 hoc
842 2798 957 2850 dico
987 2798 1191 2866 planius
1215 2806 1373 2867 atque
1410 2799 1634 2861 breuius,
1678 2802 1741 2852 ad
1786 2800 2004 2851 istarum
2041 2815 2210 2851 rerum

375 2990 394 3031 1
419 2988 721 3033 huiuscemodi
741 2991 795 3033 M
951 2991 975 3032 2
999 2991 1200 3048 paenitus
1225 2993 1263 3035 P
1391 2993 1665 3050 contempnis
1690 2994 1728 3036 P
1854 3006 1949 3050 .un
1970 2994 2020 3047 (s.
2043 2995 2111 3049 co)
2132 2994 2209 3037 ad·
2237 3028 2255 3043 .,

248 3074 403 3105 moneo
425 3064 464 3105 A
596 3064 621 3107 8
642 3064 814 3120 indigus
839 3065 990 3109 ATm2
1014 3065 1221 3122 indignus
1246 3066 1383 3111 Tmla
1522 3070 1568 3110 11
1595 3067 1887 3112 domitaretur
1906 3070 1987 3112 Ma
2010 3067 2206 3109 domina-

247 3139 366 3178 retur
387 3152 428 3180 m
522 3139 572 3180 13
594 3137 807 3181 fabricare
828 3138 934 3183 Tm]
1029 3142 1077 3183 14
1102 3140 1282 3184 {enabat
1300 3142 1404 3185 Tm]
1500 3140 1549 3183 16
1570 3155 1613 3184 se
1637 3141 1833 3186 extitisse
1850 3142 1888 3184 P
1908 3139 2155 3184 constitisse
2169 3142 2211 3184 A

251 3210 303 3251 19
333 3209 404 3252 alt.
430 3208 577 3264 nemo]
612 3225 665 3254 ne
697 3212 825 3255 modo
853 3214 892 3256 A
1072 3214 1123 3257 20
1157 3214 1432 3257 succensebit
1468 3215 1563 3259 AM
1584 3215 1672 3257 edd.
1879 3214 1985 3272 qua]
2020 3228 2131 3270 quae
2162 3216 2209 3258 Η.

250 3283 355 3338 quia
375 3285 426 3327 M
448 3284 589 3339 qualis
609 3285 720 3327 Am?
812 3289 864 3330 22
886 3292 981 3330 erat
1001 3289 1053 3331 M
1146 3287 1198 3329 23
1222 3288 1367 3330 saltim
1391 3288 1533 3332 AMP
1622 3292 1674 3330 ut
1695 3290 1834 3332 om.M
1926 3287 1997 3343 ne]
2020 3301 2097 3331 nec
2117 3289 2207 3331 ΗΡ

252 3357 302 3399 24
325 3357 425 3400 hinc
448 3359 533 3402 AT
673 3359 723 3401 27
745 3358 798 3403 fle
825 3362 862 3404 T
989 3360 1111 3403 inum
1138 3363 1175 3405 T
1304 3362 1356 3405 28
1379 3362 1683 3406 huiuscemodi
1704 3364 1756 3407 M
1876 3352 1951 3406 '30
1972 3375 2049 3405 nos
2069 3363 2207 3406 omM

246 3432 295 3473 31
322 3430 561 3474 arbitretur
586 3429 692 3476 Tm2
713 3433 762 3475 in
782 3447 863 3476 ras.
886 3435 1177 3478 arbitraretur
1199 3435 1308 3480 Aml

2038 3523 2114 3567 12*
