2398 3724
164 1052 212 1087 10

166 1457 213 1493 15

982 152 1050 194 111
1092 152 1156 203 is,
1198 152 1376 201 40-20‚
1415 151 1477 194 43ι
2136 142 2197 194 79

247 306 343 357 11115
369 305 523 357 armis
549 312 599 357 et
627 304 769 356 Philo
798 304 1006 361 restitit,
1033 305 1196 356 donec
1222 310 1518 364 moreretur,
1547 311 1597 354 et
1625 320 1799 355 omnes
1826 304 1932 356 eius
1959 304 2197 373 reliquias

249 386 440 438 Tullius
472 393 645 438 noster
675 385 930 453 oppressit
962 402 1012 436 se
1046 384 1162 436 uiuo
1195 384 1471 452 impatiens
1503 383 1805 436 labefactari
1838 385 1918 436 uel
1948 387 2197 438 contami-

247 467 357 519 nari
386 467 634 534 quidquid
661 466 956 518 amauisset.
984 467 1110 517 adeo
1132 473 1247 534 post
1269 465 1352 516 illa
1373 472 1608 533 tempora
1627 481 1730 516 non
1752 465 1899 534 longo
1926 466 2195 518 interuallo

248 548 385 601 omni
418 547 704 615 peruicacia
736 547 1123 615 pertinaciaque
1154 548 1425 598 demortua
1458 563 1511 598 os
1544 546 1666 597 illud
1695 546 1942 601 Platonis,
1977 549 2111 615 quod
2145 548 2197 599 in

248 629 567 697 philosophia.
604 628 1027 696 purgatissimum
1071 634 1149 679 est
1192 635 1242 679 et
1287 627 1675 687 lucidissimum,
1721 627 1930 680 dimotis
1973 628 2195 680 nubibus

248 710 428 762 erroris
462 710 670 762 emicuit
704 709 926 761 maxime
962 709 1008 759 in
1048 708 1267 769 Plotino,
1306 708 1391 776 qui
1427 708 1721 760 Platonicus
1756 708 2087 777 philosophus
2122 710 2194 763 ita

248 791 353 842 eius
375 791 552 842 similis
574 791 829 861 iudicatus
851 797 945 846 est,
972 798 1026 842 ut
1050 789 1203 841 simul
1223 807 1306 841 eos
1330 789 1533 847 uixisse,
1557 796 1766 842 tantum
1787 797 1962 842 autem
1985 790 2197 843 interest

247 872 509 940 temporis,
549 879 606 923 ut
642 871 693 922 in
730 871 826 923 hoc
862 871 941 922 ille
979 871 1221 922 reuixisse
1258 872 1522 939 putandus
1559 871 1640 922 sit,

380 953 529 1004 XIX.
565 954 643 1004 42.
684 953 867 1020 Itaque
902 968 1037 1003 nunc
1072 952 1399 1020 philosophos
1434 968 1537 1004 non
1571 952 1671 1004 fere
1707 952 1939 1004 uidemus
1974 953 2071 1004 nisi
2105 960 2196 1005 aut

248 1034 462 1102 Cynicos
495 1040 585 1086 aut
619 1034 986 1101 Peripateticos
1020 1040 1111 1085 aut
1144 1033 1452 1093 Platonicos,
1486 1040 1537 1085 et
1569 1033 1784 1101 Cynicos
1819 1034 2041 1101 quidem,
2077 1034 2196 1102 quia

248 1132 330 1167 eos
361 1114 498 1166 uitae
530 1116 782 1182 quaedam
811 1114 1035 1166 delectat
1064 1113 1274 1166 libertas
1303 1122 1458 1181 atque
1489 1114 1710 1166 licentia.
1762 1116 1897 1181 quod
1927 1124 2101 1167 autem
2131 1116 2194 1167 ad

248 1196 587 1247 eruditionem
631 1195 1024 1263 doctrinamque
1082 1195 1272 1247 attinet>
1337 1203 1387 1247 et
1433 1211 1615 1257 mores,
1684 1195 1866 1263 quibus
1914 1196 2198 1248 consulitur

247 1277 463 1338 animae,
492 1277 610 1344 quia
634 1293 736 1328 non
758 1277 1033 1328 defuerunt
1057 1276 1341 1328 acutissimi
1366 1284 1416 1328 et
1441 1276 1778 1329 sollertissimi
1803 1277 1912 1337 uiri,
1942 1277 2026 1345 qui
2049 1279 2198 1329 doce-

248 1368 360 1410 rent
384 1357 825 1425 (iisputationibus
850 1358 952 1409 suis
969 1357 1297 1409 Aristotelem
1322 1374 1381 1409 ac
1406 1356 1675 1409 Platonem
1698 1358 1771 1409 ita
1796 1358 1891 1410 sibi
1915 1359 2194 1414 concinere,

250 1447 305 1490 ut
336 1439 586 1506 imperitis
617 1439 885 1507 minusque
911 1439 1129 1491 attentis
1158 1439 1428 1491 dissentire
1461 1439 1750 1501 uideantur,
1782 1439 1958 1492 multis
1991 1439 2197 1507 quidem

249 1520 462 1572 saeculis
495 1519 773 1588 multisque
810 1519 1241 1581 contentionibus,
1278 1521 1363 1571 sed
1399 1526 1576 1572 tamen
1609 1520 1836 1587 eliquata
1869 1529 1963 1582 est,
2001 1528 2057 1573 ut
2092 1522 2198 1589 opi-

248 1617 354 1656 nor,
383 1618 484 1652 una
511 1601 804 1652 uerissimae
831 1601 1182 1669 philosophiae
1207 1601 1492 1669 disciplina.
1530 1618 1633 1652 non
1658 1601 1792 1652 enim
1818 1609 1896 1654 est
1920 1602 2021 1654 ista
2048 1602 2196 1655 huius

247 1682 424 1733 muudi
455 1682 791 1750 philosophia,
825 1699 980 1750 quam
1008 1699 1150 1734 sacra
1182 1690 1355 1734 nostra
1385 1682 1710 1735 meritissime
1739 1685 2082 1744 detestantur,
2110 1684 2194 1735 sed

248 1763 454 1815 alterius
476 1763 834 1831 intellegibilis,
853 1764 931 1815 eui
952 1764 1151 1815 animas
1172 1763 1574 1815 multiformibus
1589 1764 1769 1816 erroris
1783 1764 2007 1817 tenebris
2023 1781 2199 1816 caeca-

162 1864 210 1897 211
245 1850 326 1896 tas
354 1853 402 1895 et
430 1844 694 1895 altissimis
721 1862 749 1895 a
778 1861 984 1912 corpore
1012 1845 1245 1896 sordibus
1269 1844 1457 1897 oblitas
1484 1862 1769 1912 numquam
1794 1846 1897 1897 ista
1922 1846 2053 1898 ratio
2081 1845 2198 1897 sub-

167 2267 215 2302 25

163 2669 213 2706 30

247 1925 483 1978 tilissima
524 1934 801 1986 reuocaret,
843 1926 940 1976 nisi
979 1943 1207 1977 summus
1245 1927 1370 1978 deus
1402 1926 1636 1995 populari
1677 1927 1900 1993 quadam
1928 1926 2196 1979 clementia

247 2006 407 2058 diuini
448 2007 736 2058 intellectus
775 2007 1143 2059 auctoritatem
1184 2024 1342 2075 usque
1380 2009 1445 2060 ad
1485 2008 1654 2075 ipsum
1692 2024 1874 2076 corpus
1913 2008 2197 2060 humanum

247 2087 525 2139 declinaret
552 2094 707 2155 atque
734 2088 1097 2149 summitteret,
1127 2089 1268 2140 cuius
1295 2106 1397 2140 non
1423 2089 1587 2141 solum
1614 2089 1899 2156 praeceptis
1925 2091 2011 2141 sed
2039 2090 2197 2142 etiam

248 2168 398 2220 factis
429 2169 685 2220 excitatae
716 2170 916 2221 animae
949 2170 1107 2221 redire
1139 2170 1190 2220 in
1219 2178 1379 2222 semet
1409 2171 1547 2238 ipsas
1577 2178 1626 2222 et
1658 2171 1945 2238 resipiscere
1976 2171 2197 2238 patriam

252 2249 407 2301 etiam
440 2250 544 2301 sine
575 2250 990 2317 disputationum
1022 2251 1401 2303 concertatione
1433 2251 1737 2319 potuissent.

380 2331 499 2382 XX.
530 2332 607 2383 43.
640 2331 750 2382 Hoc
774 2331 898 2382 mihi
923 2333 985 2383 de
1010 2332 1327 2383 Academicis
1351 2333 1555 2384 interim
1578 2332 1926 2400 probabiliter,
1954 2341 2010 2385 ut
2035 2333 2196 2400 potui,

248 2412 490 2477 persuasi.
515 2413 649 2479 quod
670 2413 710 2463 si
731 2412 918 2464 falsum
936 2421 1030 2474 est,
1053 2413 1178 2463 nihil
1196 2415 1259 2464 ad
1280 2430 1377 2476 me,
1400 2414 1477 2465 cui
1498 2414 1624 2466 satis
1644 2421 1721 2466 est
1740 2414 1843 2466 iam
1862 2430 1965 2466 non
1984 2414 2199 2465 arbitra-

250 2492 289 2542 ri
323 2509 424 2543 non
459 2510 605 2560 posse
639 2493 704 2545 ab
740 2494 941 2546 homine
977 2494 1191 2546 inueniri
1227 2495 1517 2547 ueritatem.
1574 2495 1803 2563 quisquis
1837 2503 2010 2546 autem
2046 2502 2198 2562 putat

248 2572 341 2623 hoc
381 2574 595 2625 sensisse
635 2575 984 2632 Academicos,
1026 2576 1194 2643 ipsum
1233 2576 1524 2629 Ciceronem
1564 2577 1758 2627 audiat.
1818 2576 1890 2627 ait
1930 2576 2063 2626 enim
2103 2575 2198 2626 illis

248 2670 441 2706 morem
480 2655 634 2706 fuisse
672 2655 964 2708 occultandi
1001 2658 1311 2710 sententiam
1350 2674 1494 2709 suam
1532 2673 1623 2708 nec
1659 2673 1772 2708 eam
1810 2657 2064 2723 cuiquam,
2104 2657 2199 2707 nisi

380 2871 424 2912 14
447 2871 502 2914 ef.
525 2871 608 2913 (lic.
631 2872 765 2914 Aead.
794 2873 810 2913 Ι
836 2875 884 2913 is
965 2872 1089 2915 2901.
1117 2871 1480 2928 Cie.Acad.f1·ag.
1507 2875 1552 2916 21
1579 2872 1803 2930 Miiller(p.
1821 2875 1954 2924 61,17
1979 2871 2201 2929 Plasberg)

374 3011 392 3049 1
419 3009 492 3051 filo
520 3011 555 3052 T
574 3009 666 3052 filio
689 3010 774 3052 ΗΡ
906 3013 928 3054 2
947 3010 1229 3054 condemnari
1246 3013 1297 3055 M
1430 3015 1454 3055 4
1479 3013 1720 3069 peruicatia
1741 3014 1837 3056 MT
1961 3011 1987 3052 6
2008 3011 2138 3055 eroris
2163 3012 2200 3053 P

251 3085 272 3125 7
296 3088 443 3125 autem
464 3085 600 3126 omo]
709 3086 733 3126 8
755 3088 803 3126 ut
825 3087 960 3129 om.M
1069 3085 1093 3126 9
1116 3085 1384 3143 philosophis
1410 3087 1513 3130 Tm]
1633 3087 1683 3129 10
1705 3086 1909 3141 cyniehos¹
1939 3087 1973 3127 T
2087 3084 2197 3138 peri-

249 3160 424 3211 pateeos
448 3157 553 3200 Pm]
578 3157 920 3213 peripathetieos
940 3161 1037 3203 MT
1184 3162 1233 3204 12
1257 3158 1318 3214 et]
1341 3173 1391 3203 en
1418 3161 1514 3204 HJJ
1525 3161 1585 3202 Pa
1726 3162 1775 3203 13
1798 3156 2067 3201 solertissimi
2091 3158 2196 3202 Pml

252 3230 299 3272 14
323 3230 580 3273 aristotilem
606 3232 703 3275 HM
799 3230 865 3287 ac]
888 3238 933 3276 et
959 3235 994 3276 T
1103 3234 1153 3275 15
1175 3234 1335 3277 sentire
1357 3236 1409 3278 M
1505 3234 1552 3275 17
1576 3232 1830 3289 disciplinae
1853 3231 2125 3286 philosophia
2146 3233 2197 3274 M

250 3302 301 3345 19
333 3303 611 3346 multiformis
646 3307 681 3348 T
807 3307 854 3348 21
890 3306 996 3349 deus
1028 3307 1165 3348 om.M
1286 3307 1336 3351 23
1374 3308 1669 3351 committeret
1707 3308 1742 3350 Τ
1858 3307 1909 3348 24
1939 3306 2055 3360 ipsos
2092 3305 2196 3348 Tml

241 3372 432 3432 'recipere
460 3379 495 3420 T
516 3378 724 3434 respicere
744 3395 782 3422 m
900 3379 950 3421 25
972 3379 1107 3422 etiam
1128 3383 1263 3424 om.M
