<?xml version="1.0" encoding="UTF-8"?>
<!DOCTYPE html PUBLIC "-//W3C//DTD XHTML 1.0 Transitional//EN"
    "http://www.w3.org/TR/xhtml1/DTD/xhtml1-transitional.dtd">
<html xmlns="http://www.w3.org/1999/xhtml" xml:lang="en" lang="en">
 <head>
  <title>
</title>
<meta http-equiv="Content-Type" content="text/html;charset=utf-8" />
  <meta name='ocr-system' content='tesseract 3.04.00' />
  <meta name='ocr-capabilities' content='ocr_page ocr_carea ocr_par ocr_line ocrx_word'/>
</head>
<body>
  <div class='ocr_page' id='page_1' title='image "./sanctiaureliaugu00auguuoft_0206.png"; bbox 0 0 2398 3724; ppageno 0'>
   <div class='ocr_carea' id='block_1_1' title="bbox 214 212 1456 266">
    <p class='ocr_par' dir='ltr' id='par_1_1' title="bbox 214 212 1456 266">
     <span class='ocr_line' id='line_1_1' title="bbox 214 212 1456 266; baseline 0.002 -3"><span class='ocrx_word' id='word_1_1' title='bbox 214 212 309 264; x_wconf 77' lang='grc'>166</span> <span class='ocrx_word' id='word_1_2' title='bbox 943 221 1162 266; x_wconf 80' lang='lat' dir='ltr'>111.De</span> <span class='ocrx_word' id='word_1_3' title='bbox 1214 223 1456 266; x_wconf 88' lang='lat' dir='ltr'>ordine</span> 
     </span>
    </p>
   </div>
   <div class='ocr_carea' id='block_1_2' title="bbox 210 374 2193 527">
    <p class='ocr_par' dir='ltr' id='par_1_2' title="bbox 210 374 2193 527">
     <span class='ocr_line' id='line_1_2' title="bbox 210 374 2193 445; baseline 0.001 -17"><span class='ocrx_word' id='word_1_4' title='bbox 210 374 414 445; x_wconf 87' lang='lat' dir='ltr'>pellem,</span> <span class='ocrx_word' id='word_1_5' title='bbox 438 381 619 427; x_wconf 89' lang='lat' dir='ltr'>tamen</span> <span class='ocrx_word' id='word_1_6' title='bbox 647 374 949 427; x_wconf 74' lang='lat' dir='ltr'>inconcusse</span> <span class='ocrx_word' id='word_1_7' title='bbox 979 374 1147 436; x_wconf 84' lang='lat' dir='ltr'>credo,</span> <span class='ocrx_word' id='word_1_8' title='bbox 1178 391 1302 426; x_wconf 82' lang='lat' dir='ltr'>mox</span> <span class='ocrx_word' id='word_1_9' title='bbox 1330 382 1386 428; x_wconf 91' lang='lat' dir='ltr'>ut</span> <span class='ocrx_word' id='word_1_10' title='bbox 1416 375 1512 427; x_wconf 89' lang='lat' dir='ltr'>hoc</span> <span class='ocrx_word' id='word_1_11' title='bbox 1541 391 1725 444; x_wconf 87' lang='lat' dir='ltr'>corpus</span> <span class='ocrx_word' id='word_1_12' title='bbox 1756 375 2193 444; x_wconf 78' lang='lat' dir='ltr'>reliquerint,eOS,</span> 
     </span>
     <span class='ocr_line' id='line_1_3' title="bbox 212 456 2192 527; baseline 0.001 -17"><span class='ocrx_word' id='word_1_13' title='bbox 212 475 313 527; x_wconf 91' lang='lat' dir='ltr'>quo</span> <span class='ocrx_word' id='word_1_14' title='bbox 337 457 466 510; x_wconf 91' lang='lat' dir='ltr'>bene</span> <span class='ocrx_word' id='word_1_15' title='bbox 494 456 658 526; x_wconf 85' lang='lat' dir='ltr'>magis</span> <span class='ocrx_word' id='word_1_16' title='bbox 687 456 926 509; x_wconf 91' lang='lat' dir='ltr'>minusue</span> <span class='ocrx_word' id='word_1_17' title='bbox 955 456 1218 517; x_wconf 69' lang='lat' dir='ltr'>uixerunt,</span> <span class='ocrx_word' id='word_1_18' title='bbox 1236 473 1295 509; x_wconf 92' lang='lat' dir='ltr'>eo</span> <span class='ocrx_word' id='word_1_19' title='bbox 1324 456 1526 509; x_wconf 78' lang='lat' dir='ltr'>facilius</span> <span class='ocrx_word' id='word_1_20' title='bbox 1555 464 1648 509; x_wconf 92' lang='lat' dir='ltr'>aut</span> <span class='ocrx_word' id='word_1_21' title='bbox 1675 456 1943 510; x_wconf 83' lang='lat' dir='ltr'>difficilius</span> <span class='ocrx_word' id='word_1_22' title='bbox 1972 458 2192 512; x_wconf 88' lang='lat' dir='ltr'>liberari.</span> 
     </span>
    </p>
   </div>
   <div class='ocr_carea' id='block_1_3' title="bbox 208 559 2280 2440">
    <p class='ocr_par' dir='ltr' id='par_1_3' title="bbox 208 559 2280 2440">
     <span class='ocr_line' id='line_1_4' title="bbox 341 559 2191 629; baseline 0.001 -16"><span class='ocrx_word' id='word_1_23' title='bbox 341 562 421 614; x_wconf 76' lang='lat'>27.</span> <span class='ocrx_word' id='word_1_24' title='bbox 463 559 765 613; x_wconf 77' lang='lat' dir='ltr'>Auctoritas</span> <span class='ocrx_word' id='word_1_25' title='bbox 800 568 979 614; x_wconf 89' lang='lat' dir='ltr'>autem</span> <span class='ocrx_word' id='word_1_26' title='bbox 1015 560 1211 629; x_wconf 88' lang='lat' dir='ltr'>partim</span> <span class='ocrx_word' id='word_1_27' title='bbox 1244 560 1425 613; x_wconf 91' lang='lat' dir='ltr'>diuina</span> <span class='ocrx_word' id='word_1_28' title='bbox 1460 568 1554 622; x_wconf 83' lang='lat' dir='ltr'>est,</span> <span class='ocrx_word' id='word_1_29' title='bbox 1592 560 1787 629; x_wconf 86' lang='lat' dir='ltr'>partim</span> <span class='ocrx_word' id='word_1_30' title='bbox 1822 561 2066 625; x_wconf 75' lang='lat' dir='ltr'>humana,</span> <span class='ocrx_word' id='word_1_31' title='bbox 2104 564 2191 615; x_wconf 89' lang='lat' dir='ltr'>sed</span> 
     </span>
     <span class='ocr_line' id='line_1_5' title="bbox 212 642 2194 712; baseline -0.001 -16"><span class='ocrx_word' id='word_1_32' title='bbox 212 660 334 696; x_wconf 85' lang='lat' dir='ltr'>uera</span> <span class='ocrx_word' id='word_1_33' title='bbox 358 643 512 695; x_wconf 88' lang='lat' dir='ltr'>firma</span> <span class='ocrx_word' id='word_1_34' title='bbox 537 659 743 695; x_wconf 87' lang='lat' dir='ltr'>summa</span> <span class='ocrx_word' id='word_1_35' title='bbox 769 660 827 696; x_wconf 87' lang='lat' dir='ltr'>ea</span> <span class='ocrx_word' id='word_1_36' title='bbox 853 650 948 705; x_wconf 79' lang='lat' dir='ltr'>est,</span> <span class='ocrx_word' id='word_1_37' title='bbox 978 659 1109 711; x_wconf 92' lang='lat' dir='ltr'>quae</span> <span class='ocrx_word' id='word_1_38' title='bbox 1133 642 1314 697; x_wconf 90' lang='lat' dir='ltr'>diuina</span> <span class='ocrx_word' id='word_1_39' title='bbox 1341 642 1659 696; x_wconf 89' lang='lat' dir='ltr'>nominatur.</span> <span class='ocrx_word' id='word_1_40' title='bbox 1707 642 1759 694; x_wconf 92' lang='lat' dir='ltr'>in</span> <span class='ocrx_word' id='word_1_41' title='bbox 1785 660 1886 712; x_wconf 91' lang='lat' dir='ltr'>qua</span> <span class='ocrx_word' id='word_1_42' title='bbox 1912 646 2194 698; x_wconf 61' lang='lat' dir='ltr'>metuenda,</span> 
     </span>
     <span class='ocr_line' id='line_1_6' title="bbox 210 724 2248 794; baseline 0 -15"><span class='ocrx_word' id='word_1_43' title='bbox 210 733 289 779; x_wconf 87' lang='lat' dir='ltr'>est</span> <span class='ocrx_word' id='word_1_44' title='bbox 310 725 570 779; x_wconf 90' lang='lat' dir='ltr'>aeriorum</span> <span class='ocrx_word' id='word_1_45' title='bbox 591 724 901 777; x_wconf 88' lang='lat' dir='ltr'>animalium</span> <span class='ocrx_word' id='word_1_46' title='bbox 922 725 1053 778; x_wconf 88' lang='lat' dir='ltr'>mira</span> <span class='ocrx_word' id='word_1_47' title='bbox 1076 724 1300 786; x_wconf 80' lang='lat' dir='ltr'>fallacia,</span> <span class='ocrx_word' id='word_1_48' title='bbox 1326 742 1457 793; x_wconf 90' lang='lat' dir='ltr'>quae</span> <span class='ocrx_word' id='word_1_49' title='bbox 1480 742 1569 794; x_wconf 87' lang='lat' dir='ltr'>per</span> <span class='ocrx_word' id='word_1_50' title='bbox 1590 741 1759 778; x_wconf 89' lang='lat' dir='ltr'>rerum</span> <span class='ocrx_word' id='word_1_51' title='bbox 1780 726 1846 777; x_wconf 92' lang='lat' dir='ltr'>ad</span> <span class='ocrx_word' id='word_1_52' title='bbox 1866 725 1992 778; x_wconf 91' lang='lat' dir='ltr'>istos</span> <span class='ocrx_word' id='word_1_53' title='bbox 2014 743 2192 780; x_wconf 88' lang='lat' dir='ltr'>sensus</span> <span class='ocrx_word' id='word_1_54' title='bbox 2228 746 2248 779; x_wconf 79' lang='lat'>5</span> 
     </span>
     <span class='ocr_line' id='line_1_7' title="bbox 210 806 2194 877; baseline 0.001 -17"><span class='ocrx_word' id='word_1_55' title='bbox 210 806 437 877; x_wconf 88' lang='lat' dir='ltr'>corporis</span> <span class='ocrx_word' id='word_1_56' title='bbox 474 807 853 876; x_wconf 89' lang='lat' dir='ltr'>pertinentium</span> <span class='ocrx_word' id='word_1_57' title='bbox 892 808 1147 876; x_wconf 88' lang='lat' dir='ltr'>quasdam</span> <span class='ocrx_word' id='word_1_58' title='bbox 1183 807 1535 860; x_wconf 88' lang='lat' dir='ltr'>diuinationes</span> <span class='ocrx_word' id='word_1_59' title='bbox 1573 806 1953 876; x_wconf 90' lang='lat' dir='ltr'>nonnullasque</span> <span class='ocrx_word' id='word_1_60' title='bbox 1989 817 2194 863; x_wconf 83' lang='lat' dir='ltr'>senten-</span> 
     </span>
     <span class='ocr_line' id='line_1_8' title="bbox 208 889 2195 959; baseline 0.001 -16"><span class='ocrx_word' id='word_1_61' title='bbox 208 890 310 943; x_wconf 88' lang='lat' dir='ltr'>tias</span> <span class='ocrx_word' id='word_1_62' title='bbox 339 890 576 958; x_wconf 78' lang='lat' dir='ltr'>decipere</span> <span class='ocrx_word' id='word_1_63' title='bbox 605 890 807 942; x_wconf 88' lang='lat' dir='ltr'>animas</span> <span class='ocrx_word' id='word_1_64' title='bbox 838 889 1083 942; x_wconf 84' lang='lat' dir='ltr'>facillime</span> <span class='ocrx_word' id='word_1_65' title='bbox 1113 897 1428 943; x_wconf 90' lang='lat' dir='ltr'>consuerunt</span> <span class='ocrx_word' id='word_1_66' title='bbox 1458 896 1550 942; x_wconf 88' lang='lat' dir='ltr'>aut</span> <span class='ocrx_word' id='word_1_67' title='bbox 1580 890 1931 959; x_wconf 88' lang='lat' dir='ltr'>periturarum</span> <span class='ocrx_word' id='word_1_68' title='bbox 1961 889 2195 944; x_wconf 89' lang='lat' dir='ltr'>fortuna-</span> 
     </span>
     <span class='ocr_line' id='line_1_9' title="bbox 210 971 2194 1041; baseline 0.001 -18"><span class='ocrx_word' id='word_1_69' title='bbox 210 989 324 1024; x_wconf 92' lang='lat' dir='ltr'>rum</span> <span class='ocrx_word' id='word_1_70' title='bbox 350 972 576 1025; x_wconf 89' lang='lat' dir='ltr'>curiosas</span> <span class='ocrx_word' id='word_1_71' title='bbox 599 980 691 1025; x_wconf 90' lang='lat' dir='ltr'>aut</span> <span class='ocrx_word' id='word_1_72' title='bbox 717 972 979 1041; x_wconf 82' lang='lat' dir='ltr'>fragilium</span> <span class='ocrx_word' id='word_1_73' title='bbox 1011 971 1225 1040; x_wconf 88' lang='lat' dir='ltr'>cupidas</span> <span class='ocrx_word' id='word_1_74' title='bbox 1262 978 1589 1041; x_wconf 89' lang='lat' dir='ltr'>potestatum</span> <span class='ocrx_word' id='word_1_75' title='bbox 1622 979 1714 1025; x_wconf 90' lang='lat' dir='ltr'>aut</span> <span class='ocrx_word' id='word_1_76' title='bbox 1749 972 1984 1024; x_wconf 91' lang='lat' dir='ltr'>inanium</span> <span class='ocrx_word' id='word_1_77' title='bbox 2020 973 2194 1026; x_wconf 89' lang='lat' dir='ltr'>formi-</span> 
     </span>
     <span class='ocr_line' id='line_1_10' title="bbox 209 1053 2193 1124; baseline 0.001 -17"><span class='ocrx_word' id='word_1_78' title='bbox 209 1055 417 1108; x_wconf 89' lang='lat' dir='ltr'>dulosas</span> <span class='ocrx_word' id='word_1_79' title='bbox 450 1054 836 1107; x_wconf 84' lang='lat' dir='ltr'>miraculorum.</span> <span class='ocrx_word' id='word_1_80' title='bbox 888 1054 974 1107; x_wconf 89' lang='lat' dir='ltr'>illa</span> <span class='ocrx_word' id='word_1_81' title='bbox 1004 1071 1123 1124; x_wconf 83' lang='lat' dir='ltr'>ergo</span> <span class='ocrx_word' id='word_1_82' title='bbox 1152 1055 1442 1108; x_wconf 86' lang='lat' dir='ltr'>auctoritas</span> <span class='ocrx_word' id='word_1_83' title='bbox 1472 1053 1654 1107; x_wconf 89' lang='lat' dir='ltr'>diuina</span> <span class='ocrx_word' id='word_1_84' title='bbox 1682 1053 1902 1107; x_wconf 88' lang='lat' dir='ltr'>dicenda</span> <span class='ocrx_word' id='word_1_85' title='bbox 1933 1062 2028 1117; x_wconf 84' lang='lat' dir='ltr'>est,</span> <span class='ocrx_word' id='word_1_86' title='bbox 2062 1072 2193 1124; x_wconf 86' lang='lat' dir='ltr'>quae</span> 
     </span>
     <span class='ocr_line' id='line_1_11' title="bbox 210 1136 2280 1206; baseline 0 -16"><span class='ocrx_word' id='word_1_87' title='bbox 210 1154 314 1190; x_wconf 92' lang='lat' dir='ltr'>non</span> <span class='ocrx_word' id='word_1_88' title='bbox 336 1137 505 1190; x_wconf 89' lang='lat' dir='ltr'>solum</span> <span class='ocrx_word' id='word_1_89' title='bbox 528 1136 581 1188; x_wconf 92' lang='lat' dir='ltr'>in</span> <span class='ocrx_word' id='word_1_90' title='bbox 603 1136 934 1190; x_wconf 89' lang='lat' dir='ltr'>sensibilibus</span> <span class='ocrx_word' id='word_1_91' title='bbox 957 1136 1117 1206; x_wconf 83' lang='lat' dir='ltr'>signis</span> <span class='ocrx_word' id='word_1_92' title='bbox 1141 1136 1466 1190; x_wconf 82' lang='lat' dir='ltr'>transcendit</span> <span class='ocrx_word' id='word_1_93' title='bbox 1492 1153 1699 1190; x_wconf 88' lang='lat' dir='ltr'>onmem</span> <span class='ocrx_word' id='word_1_94' title='bbox 1723 1136 2010 1189; x_wconf 87' lang='lat' dir='ltr'>humanam</span> <span class='ocrx_word' id='word_1_95' title='bbox 2034 1137 2195 1190; x_wconf 88' lang='lat' dir='ltr'>facul-</span> <span class='ocrx_word' id='word_1_96' title='bbox 2232 1156 2280 1191; x_wconf 83' lang='lat'>10</span> 
     </span>
     <span class='ocr_line' id='line_1_12' title="bbox 210 1218 2195 1292; baseline 0.001 -20"><span class='ocrx_word' id='word_1_97' title='bbox 210 1226 380 1272; x_wconf 86' lang='lat' dir='ltr'>tatem</span> <span class='ocrx_word' id='word_1_98' title='bbox 404 1220 493 1272; x_wconf 88' lang='lat' dir='ltr'>sed</span> <span class='ocrx_word' id='word_1_99' title='bbox 514 1226 564 1271; x_wconf 92' lang='lat' dir='ltr'>et</span> <span class='ocrx_word' id='word_1_100' title='bbox 584 1218 756 1288; x_wconf 90' lang='lat' dir='ltr'>ipsum</span> <span class='ocrx_word' id='word_1_101' title='bbox 775 1219 1040 1271; x_wconf 88' lang='lat' dir='ltr'>hominem</span> <span class='ocrx_word' id='word_1_102' title='bbox 1059 1237 1215 1288; x_wconf 82' lang='lat' dir='ltr'>agens</span> <span class='ocrx_word' id='word_1_103' title='bbox 1248 1218 1479 1272; x_wconf 85' lang='lat' dir='ltr'>ostendit</span> <span class='ocrx_word' id='word_1_104' title='bbox 1510 1218 1572 1282; x_wconf 83' lang='lat' dir='ltr'>ei,</span> <span class='ocrx_word' id='word_1_105' title='bbox 1607 1236 1891 1292; x_wconf 56' lang='lat' dir='ltr'>quousque</span> <span class='ocrx_word' id='word_1_106' title='bbox 1909 1236 1962 1272; x_wconf 89' lang='lat' dir='ltr'>se</span> <span class='ocrx_word' id='word_1_107' title='bbox 1982 1227 2195 1289; x_wconf 88' lang='lat' dir='ltr'>propter</span> 
     </span>
     <span class='ocr_line' id='line_1_13' title="bbox 210 1292 2191 1371; baseline 0.001 -17"><span class='ocrx_word' id='word_1_108' title='bbox 210 1302 382 1371; x_wconf 89' lang='lat' dir='ltr'>ipsum</span> <span class='ocrx_word' id='word_1_109' title='bbox 430 1301 759 1370; x_wconf 83' lang='lat' dir='ltr'>depresserit,</span> <span class='ocrx_word' id='word_1_110' title='bbox 823 1308 873 1353; x_wconf 92' lang='lat' dir='ltr'>et</span> <span class='ocrx_word' id='word_1_111' title='bbox 916 1318 1020 1355; x_wconf 91' lang='lat' dir='ltr'>non</span> <span class='ocrx_word' id='word_1_112' title='bbox 1071 1301 1235 1354; x_wconf 90' lang='lat' dir='ltr'>teneri</span> <span class='ocrx_word' id='word_1_113' title='bbox 1285 1301 1538 1360; x_wconf 78' lang='lat' dir='ltr'>sensibuS,</span> <span class='ocrx_word' id='word_1_114' title='bbox 1592 1292 1797 1370; x_wconf 23' lang='lat' dir='ltr'>quibus*</span> <span class='ocrx_word' id='word_1_115' title='bbox 1834 1300 2080 1354; x_wconf 89' lang='lat' dir='ltr'>uidentur</span> <span class='ocrx_word' id='word_1_116' title='bbox 2107 1301 2191 1355; x_wconf 85' lang='lat' dir='ltr'>illa</span> 
     </span>
     <span class='ocr_line' id='line_1_14' title="bbox 210 1383 2192 1446; baseline 0.001 -11"><span class='ocrx_word' id='word_1_117' title='bbox 210 1384 467 1446; x_wconf 78' lang='lat' dir='ltr'>miranda,</span> <span class='ocrx_word' id='word_1_118' title='bbox 531 1385 619 1436; x_wconf 87' lang='lat' dir='ltr'>sed</span> <span class='ocrx_word' id='word_1_119' title='bbox 675 1384 740 1436; x_wconf 92' lang='lat' dir='ltr'>ad</span> <span class='ocrx_word' id='word_1_120' title='bbox 791 1383 1117 1436; x_wconf 89' lang='lat' dir='ltr'>intellectum</span> <span class='ocrx_word' id='word_1_121' title='bbox 1158 1383 1305 1436; x_wconf 92' lang='lat' dir='ltr'>iubet</span> <span class='ocrx_word' id='word_1_122' title='bbox 1348 1383 1554 1436; x_wconf 90' lang='lat' dir='ltr'>euolare</span> <span class='ocrx_word' id='word_1_123' title='bbox 1603 1383 1760 1435; x_wconf 90' lang='lat' dir='ltr'>simul</span> <span class='ocrx_word' id='word_1_124' title='bbox 1807 1384 2192 1443; x_wconf 74' lang='lat' dir='ltr'>demonstrans,</span> 
     </span>
     <span class='ocr_line' id='line_1_15' title="bbox 211 1465 2190 1535; baseline 0 -16"><span class='ocrx_word' id='word_1_125' title='bbox 211 1474 262 1520; x_wconf 90' lang='lat' dir='ltr'>et</span> <span class='ocrx_word' id='word_1_126' title='bbox 305 1473 506 1535; x_wconf 88' lang='lat' dir='ltr'>quanta</span> <span class='ocrx_word' id='word_1_127' title='bbox 546 1465 629 1518; x_wconf 90' lang='lat' dir='ltr'>hic</span> <span class='ocrx_word' id='word_1_128' title='bbox 670 1465 833 1534; x_wconf 87' lang='lat' dir='ltr'>possit</span> <span class='ocrx_word' id='word_1_129' title='bbox 883 1472 934 1518; x_wconf 91' lang='lat' dir='ltr'>et</span> <span class='ocrx_word' id='word_1_130' title='bbox 986 1482 1076 1518; x_wconf 90' lang='lat' dir='ltr'>cur</span> <span class='ocrx_word' id='word_1_131' title='bbox 1119 1465 1245 1518; x_wconf 90' lang='lat' dir='ltr'>haec</span> <span class='ocrx_word' id='word_1_132' title='bbox 1298 1465 1460 1518; x_wconf 90' lang='lat' dir='ltr'>faciat</span> <span class='ocrx_word' id='word_1_133' title='bbox 1505 1472 1556 1517; x_wconf 91' lang='lat' dir='ltr'>et</span> <span class='ocrx_word' id='word_1_134' title='bbox 1603 1482 1761 1534; x_wconf 87' lang='lat' dir='ltr'>quarn</span> <span class='ocrx_word' id='word_1_135' title='bbox 1795 1466 1943 1533; x_wconf 88' lang='lat' dir='ltr'>parui</span> <span class='ocrx_word' id='word_1_136' title='bbox 1978 1467 2190 1534; x_wconf 87' lang='lat' dir='ltr'>pendat.</span> 
     </span>
     <span class='ocr_line' id='line_1_16' title="bbox 209 1547 2279 1616; baseline -0 -14"><span class='ocrx_word' id='word_1_137' title='bbox 209 1551 396 1602; x_wconf 88' lang='lat' dir='ltr'>doceat</span> <span class='ocrx_word' id='word_1_138' title='bbox 452 1547 592 1600; x_wconf 90' lang='lat' dir='ltr'>enim</span> <span class='ocrx_word' id='word_1_139' title='bbox 645 1555 852 1616; x_wconf 88' lang='lat' dir='ltr'>oportet</span> <span class='ocrx_word' id='word_1_140' title='bbox 905 1554 956 1600; x_wconf 91' lang='lat' dir='ltr'>et</span> <span class='ocrx_word' id='word_1_141' title='bbox 1023 1547 1176 1600; x_wconf 87' lang='lat' dir='ltr'>factis</span> <span class='ocrx_word' id='word_1_142' title='bbox 1227 1554 1547 1616; x_wconf 88' lang='lat' dir='ltr'>potestatem</span> <span class='ocrx_word' id='word_1_143' title='bbox 1595 1564 1744 1600; x_wconf 88' lang='lat' dir='ltr'>suam</span> <span class='ocrx_word' id='word_1_144' title='bbox 1793 1554 1844 1599; x_wconf 92' lang='lat' dir='ltr'>et</span> <span class='ocrx_word' id='word_1_145' title='bbox 1894 1547 2192 1601; x_wconf 88' lang='lat' dir='ltr'>humilitate</span> <span class='ocrx_word' id='word_1_146' title='bbox 2230 1566 2279 1601; x_wconf 88' lang='lat'>15</span> 
     </span>
     <span class='ocr_line' id='line_1_17' title="bbox 211 1628 2192 1699; baseline -0.002 -16"><span class='ocrx_word' id='word_1_147' title='bbox 211 1631 545 1684; x_wconf 89' lang='lat' dir='ltr'>clementiam</span> <span class='ocrx_word' id='word_1_148' title='bbox 630 1637 680 1682; x_wconf 90' lang='lat' dir='ltr'>et</span> <span class='ocrx_word' id='word_1_149' title='bbox 754 1630 1119 1699; x_wconf 86' lang='lat' dir='ltr'>praeceptione</span> <span class='ocrx_word' id='word_1_150' title='bbox 1207 1637 1470 1688; x_wconf 81' lang='lat' dir='ltr'>naturam,</span> <span class='ocrx_word' id='word_1_151' title='bbox 1550 1646 1681 1698; x_wconf 90' lang='lat' dir='ltr'>quae</span> <span class='ocrx_word' id='word_1_152' title='bbox 1765 1628 1940 1682; x_wconf 89' lang='lat' dir='ltr'>omnia</span> <span class='ocrx_word' id='word_1_153' title='bbox 2015 1629 2192 1689; x_wconf 84' lang='lat' dir='ltr'>sacris,</span> 
     </span>
     <span class='ocr_line' id='line_1_18' title="bbox 213 1711 2193 1782; baseline -0.001 -17"><span class='ocrx_word' id='word_1_154' title='bbox 213 1713 400 1782; x_wconf 89' lang='lat' dir='ltr'>quibus</span> <span class='ocrx_word' id='word_1_155' title='bbox 463 1711 753 1771; x_wconf 80' lang='lat' dir='ltr'>initiamur,</span> <span class='ocrx_word' id='word_1_156' title='bbox 826 1713 1073 1766; x_wconf 87' lang='lat' dir='ltr'>secretius</span> <span class='ocrx_word' id='word_1_157' title='bbox 1135 1711 1443 1781; x_wconf 86' lang='lat' dir='ltr'>firmiusque</span> <span class='ocrx_word' id='word_1_158' title='bbox 1514 1713 1813 1771; x_wconf 79' lang='lat' dir='ltr'>traduntur,</span> <span class='ocrx_word' id='word_1_159' title='bbox 1883 1711 1935 1763; x_wconf 93' lang='lat' dir='ltr'>in</span> <span class='ocrx_word' id='word_1_160' title='bbox 2006 1712 2193 1781; x_wconf 91' lang='lat' dir='ltr'>quibus</span> 
     </span>
     <span class='ocr_line' id='line_1_19' title="bbox 211 1793 2191 1863; baseline -0.001 -15"><span class='ocrx_word' id='word_1_161' title='bbox 211 1795 470 1848; x_wconf 91' lang='lat' dir='ltr'>bonorum</span> <span class='ocrx_word' id='word_1_162' title='bbox 544 1794 655 1847; x_wconf 87' lang='lat' dir='ltr'>uita</span> <span class='ocrx_word' id='word_1_163' title='bbox 730 1794 974 1848; x_wconf 87' lang='lat' dir='ltr'>facillime</span> <span class='ocrx_word' id='word_1_164' title='bbox 1050 1811 1153 1847; x_wconf 91' lang='lat' dir='ltr'>non</span> <span class='ocrx_word' id='word_1_165' title='bbox 1233 1793 1659 1863; x_wconf 88' lang='lat' dir='ltr'>disputationum</span> <span class='ocrx_word' id='word_1_166' title='bbox 1731 1793 2042 1862; x_wconf 85' lang='lat' dir='ltr'>ambagibus</span> <span class='ocrx_word' id='word_1_167' title='bbox 2104 1796 2191 1847; x_wconf 85' lang='lat' dir='ltr'>sed</span> 
     </span>
     <span class='ocr_line' id='line_1_20' title="bbox 211 1876 2191 1947; baseline -0.002 -17"><span class='ocrx_word' id='word_1_168' title='bbox 211 1877 582 1947; x_wconf 87' lang='lat' dir='ltr'>mysteriorum</span> <span class='ocrx_word' id='word_1_169' title='bbox 651 1877 972 1930; x_wconf 87' lang='lat' dir='ltr'>auctoritate</span> <span class='ocrx_word' id='word_1_170' title='bbox 1050 1883 1318 1946; x_wconf 82' lang='lat' dir='ltr'>purgatur.</span> <span class='ocrx_word' id='word_1_171' title='bbox 1416 1876 1645 1929; x_wconf 87' lang='lat' dir='ltr'>humana</span> <span class='ocrx_word' id='word_1_172' title='bbox 1715 1891 1837 1928; x_wconf 90' lang='lat' dir='ltr'>uero</span> <span class='ocrx_word' id='word_1_173' title='bbox 1904 1876 2191 1929; x_wconf 86' lang='lat' dir='ltr'>auctoritas</span> 
     </span>
     <span class='ocr_line' id='line_1_21' title="bbox 211 1957 2278 2029; baseline -0.001 -16"><span class='ocrx_word' id='word_1_174' title='bbox 211 1960 516 2029; x_wconf 90' lang='lat' dir='ltr'>plerumque</span> <span class='ocrx_word' id='word_1_175' title='bbox 562 1958 712 2014; x_wconf 82' lang='lat' dir='ltr'>fallit.</span> <span class='ocrx_word' id='word_1_176' title='bbox 762 1959 814 2010; x_wconf 91' lang='lat' dir='ltr'>in</span> <span class='ocrx_word' id='word_1_177' title='bbox 858 1960 929 2012; x_wconf 87' lang='lat' dir='ltr'>eis</span> <span class='ocrx_word' id='word_1_178' title='bbox 972 1966 1153 2012; x_wconf 87' lang='lat' dir='ltr'>tamen</span> <span class='ocrx_word' id='word_1_179' title='bbox 1196 1958 1304 2011; x_wconf 91' lang='lat' dir='ltr'>iure</span> <span class='ocrx_word' id='word_1_180' title='bbox 1341 1958 1550 2011; x_wconf 89' lang='lat' dir='ltr'>uidetur</span> <span class='ocrx_word' id='word_1_181' title='bbox 1585 1957 1847 2019; x_wconf 80' lang='lat' dir='ltr'>excellere,</span> <span class='ocrx_word' id='word_1_182' title='bbox 1887 1958 1991 2026; x_wconf 78' lang='lat' dir='ltr'>qui,</span> <span class='ocrx_word' id='word_1_183' title='bbox 2031 1975 2194 2026; x_wconf 84' lang='lat' dir='ltr'>quan·</span> <span class='ocrx_word' id='word_1_184' title='bbox 2229 1977 2278 2011; x_wconf 65' lang='grc' dir='ltr'>ευ</span> 
     </span>
     <span class='ocr_line' id='line_1_22' title="bbox 210 2040 2194 2111; baseline -0.001 -16"><span class='ocrx_word' id='word_1_185' title='bbox 210 2050 325 2095; x_wconf 89' lang='lat' dir='ltr'>tum</span> <span class='ocrx_word' id='word_1_186' title='bbox 350 2041 713 2111; x_wconf 88' lang='lat' dir='ltr'>imperitorum</span> <span class='ocrx_word' id='word_1_187' title='bbox 738 2059 916 2094; x_wconf 87' lang='lat' dir='ltr'>sensus</span> <span class='ocrx_word' id='word_1_188' title='bbox 943 2042 1103 2110; x_wconf 73' lang='lat' dir='ltr'>capit,</span> <span class='ocrx_word' id='word_1_189' title='bbox 1129 2041 1297 2094; x_wconf 85' lang='lat' dir='ltr'>mult-a</span> <span class='ocrx_word' id='word_1_190' title='bbox 1320 2042 1451 2094; x_wconf 90' lang='lat' dir='ltr'>dant</span> <span class='ocrx_word' id='word_1_191' title='bbox 1477 2040 1669 2094; x_wconf 90' lang='lat' dir='ltr'>indicia</span> <span class='ocrx_word' id='word_1_192' title='bbox 1693 2040 2054 2094; x_wconf 86' lang='lat' dir='ltr'>doctrinarum</span> <span class='ocrx_word' id='word_1_193' title='bbox 2078 2058 2194 2094; x_wconf 90' lang='lat' dir='ltr'>sua-</span> 
     </span>
     <span class='ocr_line' id='line_1_23' title="bbox 211 2123 2192 2194; baseline -0.001 -18"><span class='ocrx_word' id='word_1_194' title='bbox 211 2142 325 2177; x_wconf 88' lang='lat' dir='ltr'>rum</span> <span class='ocrx_word' id='word_1_195' title='bbox 355 2132 406 2177; x_wconf 93' lang='lat' dir='ltr'>et</span> <span class='ocrx_word' id='word_1_196' title='bbox 433 2142 540 2194; x_wconf 77' lang='lat' dir='ltr'>non</span> <span class='ocrx_word' id='word_1_197' title='bbox 570 2124 757 2177; x_wconf 91' lang='lat' dir='ltr'>uiuunt</span> <span class='ocrx_word' id='word_1_198' title='bbox 787 2123 954 2182; x_wconf 81' lang='lat' dir='ltr'>aliter,</span> <span class='ocrx_word' id='word_1_199' title='bbox 987 2141 1145 2192; x_wconf 88' lang='lat' dir='ltr'>quam</span> <span class='ocrx_word' id='word_1_200' title='bbox 1176 2123 1459 2176; x_wconf 91' lang='lat' dir='ltr'>uiuendum</span> <span class='ocrx_word' id='word_1_201' title='bbox 1489 2140 1596 2176; x_wconf 89' lang='lat' dir='ltr'>esse</span> <span class='ocrx_word' id='word_1_202' title='bbox 1629 2123 1972 2191; x_wconf 87' lang='lat' dir='ltr'>praecipiunt.</span> <span class='ocrx_word' id='word_1_203' title='bbox 2006 2123 2192 2191; x_wconf 85' lang='lat' dir='ltr'>quibus</span> 
     </span>
     <span class='ocr_line' id='line_1_24' title="bbox 211 2205 2191 2276; baseline -0.002 -16"><span class='ocrx_word' id='word_1_204' title='bbox 211 2207 252 2260; x_wconf 89' lang='lat' dir='ltr'>si</span> <span class='ocrx_word' id='word_1_205' title='bbox 278 2207 455 2276; x_wconf 88' lang='lat' dir='ltr'>aliqua</span> <span class='ocrx_word' id='word_1_206' title='bbox 480 2206 642 2260; x_wconf 92' lang='lat' dir='ltr'>etiam</span> <span class='ocrx_word' id='word_1_207' title='bbox 670 2206 910 2260; x_wconf 85' lang='lat' dir='ltr'>fortunae</span> <span class='ocrx_word' id='word_1_208' title='bbox 937 2223 1151 2259; x_wconf 88' lang='lat' dir='ltr'>munera</span> <span class='ocrx_word' id='word_1_209' title='bbox 1177 2205 1506 2267; x_wconf 75' lang='lat' dir='ltr'>accesserint,</span> <span class='ocrx_word' id='word_1_210' title='bbox 1535 2221 1754 2274; x_wconf 88' lang='lat' dir='ltr'>quorum</span> <span class='ocrx_word' id='word_1_211' title='bbox 1782 2213 2071 2273; x_wconf 88' lang='lat' dir='ltr'>appareant</span> <span class='ocrx_word' id='word_1_212' title='bbox 2100 2222 2191 2256; x_wconf 87' lang='lat' dir='ltr'>usu</span> 
     </span>
     <span class='ocr_line' id='line_1_25' title="bbox 212 2286 2192 2358; baseline -0.001 -17"><span class='ocrx_word' id='word_1_213' title='bbox 212 2290 387 2358; x_wconf 80' lang='lat' dir='ltr'>magni</span> <span class='ocrx_word' id='word_1_214' title='bbox 413 2295 790 2358; x_wconf 87' lang='lat' dir='ltr'>contemtuque</span> <span class='ocrx_word' id='word_1_215' title='bbox 804 2288 1042 2341; x_wconf 71' lang='lat' dir='ltr'>maiores</span> <span class='ocrx_word' id='word_1_216' title='bbox 1058 2288 1431 2341; x_wconf 89' lang='lat' dir='ltr'>difficillimum</span> <span class='ocrx_word' id='word_1_217' title='bbox 1457 2288 1668 2340; x_wconf 89' lang='lat' dir='ltr'>omnino</span> <span class='ocrx_word' id='word_1_218' title='bbox 1691 2294 1786 2349; x_wconf 79' lang='lat' dir='ltr'>est,</span> <span class='ocrx_word' id='word_1_219' title='bbox 1805 2294 1861 2340; x_wconf 88' lang='lat' dir='ltr'>ut</span> <span class='ocrx_word' id='word_1_220' title='bbox 1885 2287 1955 2340; x_wconf 93' lang='lat' dir='ltr'>eis</span> <span class='ocrx_word' id='word_1_221' title='bbox 1975 2286 2192 2355; x_wconf 90' lang='lat' dir='ltr'>quisque</span> 
     </span>
     <span class='ocr_line' id='line_1_26' title="bbox 213 2370 2278 2440; baseline -0.002 -16"><span class='ocrx_word' id='word_1_222' title='bbox 213 2372 425 2425; x_wconf 90' lang='lat' dir='ltr'>uiuendi</span> <span class='ocrx_word' id='word_1_223' title='bbox 465 2378 743 2440; x_wconf 89' lang='lat' dir='ltr'>praecepta</span> <span class='ocrx_word' id='word_1_224' title='bbox 783 2370 1033 2423; x_wconf 89' lang='lat' dir='ltr'>dantibus</span> <span class='ocrx_word' id='word_1_225' title='bbox 1075 2372 1286 2424; x_wconf 89' lang='lat' dir='ltr'>eredens</span> <span class='ocrx_word' id='word_1_226' title='bbox 1327 2377 1463 2423; x_wconf 88' lang='lat' dir='ltr'>recte</span> <span class='ocrx_word' id='word_1_227' title='bbox 1506 2370 1847 2438; x_wconf 88' lang='lat' dir='ltr'>uituperetur.</span> <span class='ocrx_word' id='word_1_228' title='bbox 2229 2385 2278 2421; x_wconf 83' lang='lat'>25</span> 
     </span>
    </p>
   </div>
   <div class='ocr_carea' id='block_1_4' title="bbox 212 2473 2277 2870">
    <p class='ocr_par' dir='ltr' id='par_1_4' title="bbox 212 2473 2277 2870">
     <span class='ocr_line' id='line_1_27' title="bbox 348 2473 2192 2544; baseline -0.002 -17"><span class='ocrx_word' id='word_1_229' title='bbox 348 2476 412 2527; x_wconf 80' lang='lat' dir='ltr'>X.</span> <span class='ocrx_word' id='word_1_230' title='bbox 441 2476 520 2528; x_wconf 75' lang='lat'>28.</span> <span class='ocrx_word' id='word_1_231' title='bbox 553 2475 651 2527; x_wconf 91' lang='lat' dir='ltr'>Hic</span> <span class='ocrx_word' id='word_1_232' title='bbox 680 2474 922 2544; x_wconf 87' lang='lat' dir='ltr'>Alypius:</span> <span class='ocrx_word' id='word_1_233' title='bbox 952 2474 1261 2544; x_wconf 79' lang='lat' dir='ltr'>Permagna,</span> <span class='ocrx_word' id='word_1_234' title='bbox 1290 2473 1477 2542; x_wconf 76' lang='lat' dir='ltr'>inquit,</span> <span class='ocrx_word' id='word_1_235' title='bbox 1508 2478 1648 2526; x_wconf 86' lang='lat' dir='ltr'>uitae</span> <span class='ocrx_word' id='word_1_236' title='bbox 1675 2473 1847 2542; x_wconf 84' lang='lat' dir='ltr'>imago</span> <span class='ocrx_word' id='word_1_237' title='bbox 1874 2473 1965 2525; x_wconf 83' lang='lat' dir='ltr'>abs</span> <span class='ocrx_word' id='word_1_238' title='bbox 1994 2480 2044 2525; x_wconf 89' lang='lat' dir='ltr'>tc</span> <span class='ocrx_word' id='word_1_239' title='bbox 2071 2479 2192 2524; x_wconf 83' lang='lat' dir='ltr'>ante</span> 
     </span>
     <span class='ocr_line' id='line_1_28' title="bbox 215 2553 2191 2625; baseline -0.003 -15"><span class='ocrx_word' id='word_1_240' title='bbox 215 2556 387 2610; x_wconf 90' lang='lat' dir='ltr'>oculos</span> <span class='ocrx_word' id='word_1_241' title='bbox 418 2565 621 2610; x_wconf 77' lang='lat' dir='ltr'>nostros</span> <span class='ocrx_word' id='word_1_242' title='bbox 655 2574 772 2609; x_wconf 90' lang='lat' dir='ltr'>cum</span> <span class='ocrx_word' id='word_1_243' title='bbox 805 2557 951 2625; x_wconf 84' lang='lat' dir='ltr'>plene</span> <span class='ocrx_word' id='word_1_244' title='bbox 984 2564 1097 2609; x_wconf 91' lang='lat' dir='ltr'>tum</span> <span class='ocrx_word' id='word_1_245' title='bbox 1130 2556 1357 2609; x_wconf 89' lang='lat' dir='ltr'>breuiter</span> <span class='ocrx_word' id='word_1_246' title='bbox 1387 2555 1679 2608; x_wconf 86' lang='lat' dir='ltr'>constituta</span> <span class='ocrx_word' id='word_1_247' title='bbox 1711 2561 1804 2615; x_wconf 78' lang='lat' dir='ltr'>est,</span> <span class='ocrx_word' id='word_1_248' title='bbox 1839 2554 1919 2606; x_wconf 93' lang='lat' dir='ltr'>cui</span> <span class='ocrx_word' id='word_1_249' title='bbox 1952 2553 2191 2622; x_wconf 86' lang='lat' dir='ltr'>quamuis</span> 
     </span>
     <span class='ocr_line' id='line_1_29' title="bbox 213 2635 2193 2708; baseline -0.003 -16"><span class='ocrx_word' id='word_1_250' title='bbox 213 2639 491 2693; x_wconf 87' lang='lat' dir='ltr'>cotidianis</span> <span class='ocrx_word' id='word_1_251' title='bbox 522 2639 811 2708; x_wconf 84' lang='lat' dir='ltr'>praeceptis</span> <span class='ocrx_word' id='word_1_252' title='bbox 836 2639 939 2692; x_wconf 88' lang='lat' dir='ltr'>tuis</span> <span class='ocrx_word' id='word_1_253' title='bbox 968 2639 1243 2700; x_wconf 77' lang='lat' dir='ltr'>inhien1i1S‚</span> <span class='ocrx_word' id='word_1_254' title='bbox 1273 2646 1452 2692; x_wconf 89' lang='lat' dir='ltr'>tamen</span> <span class='ocrx_word' id='word_1_255' title='bbox 1481 2654 1571 2690; x_wconf 87' lang='lat' dir='ltr'>nos</span> <span class='ocrx_word' id='word_1_256' title='bbox 1601 2636 1752 2690; x_wconf 91' lang='lat' dir='ltr'>hodie</span> <span class='ocrx_word' id='word_1_257' title='bbox 1782 2635 2071 2705; x_wconf 85' lang='lat' dir='ltr'>cupidiores</span> <span class='ocrx_word' id='word_1_258' title='bbox 2101 2635 2193 2687; x_wconf 87' lang='lat' dir='ltr'>fla-</span> 
     </span>
     <span class='ocr_line' id='line_1_30' title="bbox 212 2718 2190 2790; baseline -0.002 -18"><span class='ocrx_word' id='word_1_259' title='bbox 212 2722 606 2790; x_wconf 75' lang='lat' dir='ltr'>grantioresque</span> <span class='ocrx_word' id='word_1_260' title='bbox 644 2721 934 2774; x_wconf 88' lang='lat' dir='ltr'>reddidisti.</span> <span class='ocrx_word' id='word_1_261' title='bbox 985 2722 1050 2773; x_wconf 89' lang='lat' dir='ltr'>ad</span> <span class='ocrx_word' id='word_1_262' title='bbox 1089 2738 1263 2790; x_wconf 82' lang='lat' dir='ltr'>quam,</span> <span class='ocrx_word' id='word_1_263' title='bbox 1301 2720 1342 2772; x_wconf 88' lang='lat' dir='ltr'>si</span> <span class='ocrx_word' id='word_1_264' title='bbox 1379 2720 1493 2772; x_wconf 88' lang='lat' dir='ltr'>fieri</span> <span class='ocrx_word' id='word_1_265' title='bbox 1530 2727 1720 2788; x_wconf 83' lang='lat' dir='ltr'>posset,</span> <span class='ocrx_word' id='word_1_266' title='bbox 1760 2735 1863 2770; x_wconf 91' lang='lat' dir='ltr'>non</span> <span class='ocrx_word' id='word_1_267' title='bbox 1897 2718 2062 2770; x_wconf 85' lang='lat' dir='ltr'>solum</span> <span class='ocrx_word' id='word_1_268' title='bbox 2102 2734 2190 2768; x_wconf 84' lang='lat' dir='ltr'>nos</span> 
     </span>
     <span class='ocr_line' id='line_1_31' title="bbox 215 2800 2277 2870; baseline -0.002 -14"><span class='ocrx_word' id='word_1_269' title='bbox 215 2821 395 2856; x_wconf 91' lang='lat' dir='ltr'>uerum</span> <span class='ocrx_word' id='word_1_270' title='bbox 429 2803 593 2857; x_wconf 90' lang='lat' dir='ltr'>etiam</span> <span class='ocrx_word' id='word_1_271' title='bbox 636 2811 849 2856; x_wconf 78' lang='lat' dir='ltr'>cunctos</span> <span class='ocrx_word' id='word_1_272' title='bbox 894 2803 1128 2855; x_wconf 89' lang='lat' dir='ltr'>homines</span> <span class='ocrx_word' id='word_1_273' title='bbox 1170 2802 1274 2855; x_wconf 90' lang='lat' dir='ltr'>iam</span> <span class='ocrx_word' id='word_1_274' title='bbox 1318 2801 1585 2870; x_wconf 86' lang='lat' dir='ltr'>peruenire</span> <span class='ocrx_word' id='word_1_275' title='bbox 1627 2809 1677 2853; x_wconf 88' lang='lat' dir='ltr'>ct</span> <span class='ocrx_word' id='word_1_276' title='bbox 1719 2801 1886 2853; x_wconf 88' lang='lat' dir='ltr'>cidem</span> <span class='ocrx_word' id='word_1_277' title='bbox 1929 2800 2191 2851; x_wconf 88' lang='lat' dir='ltr'>inhaerere</span> <span class='ocrx_word' id='word_1_278' title='bbox 2227 2816 2277 2851; x_wconf 82' lang='lat'>30</span> 
     </span>
    </p>
   </div>
   <div class='ocr_carea' id='block_1_5' title="bbox 348 2998 1478 3049">
    <p class='ocr_par' dir='ltr' id='par_1_5' title="bbox 348 2998 1478 3049">
     <span class='ocr_line' id='line_1_32' title="bbox 348 2998 1478 3049; baseline -0.002 -5"><span class='ocrx_word' id='word_1_279' title='bbox 348 3002 396 3044; x_wconf 77' lang='lat'>13</span> <span class='ocrx_word' id='word_1_280' title='bbox 419 3001 473 3042; x_wconf 85' lang='lat' dir='ltr'>cf.</span> <span class='ocrx_word' id='word_1_281' title='bbox 502 3001 700 3043; x_wconf 83' lang='lat' dir='ltr'>Retract.</span> <span class='ocrx_word' id='word_1_282' title='bbox 730 3001 746 3042; x_wconf 91' lang='grc' dir='ltr'>Ι</span> <span class='ocrx_word' id='word_1_283' title='bbox 769 3002 810 3048; x_wconf 83' lang='grc'>3,</span> <span class='ocrx_word' id='word_1_284' title='bbox 832 3003 856 3044; x_wconf 84' lang='lat'>3</span> <span class='ocrx_word' id='word_1_285' title='bbox 973 3000 1025 3043; x_wconf 76' lang='lat'>23</span> <span class='ocrx_word' id='word_1_286' title='bbox 1047 2998 1101 3043; x_wconf 84' lang='lat' dir='ltr'>cf.</span> <span class='ocrx_word' id='word_1_287' title='bbox 1127 2999 1323 3042; x_wconf 85' lang='lat' dir='ltr'>Retract.</span> <span class='ocrx_word' id='word_1_288' title='bbox 1352 2999 1369 3041; x_wconf 91' lang='lat'>1</span> <span class='ocrx_word' id='word_1_289' title='bbox 1391 3000 1431 3049; x_wconf 80' lang='lat'>3,</span> <span class='ocrx_word' id='word_1_290' title='bbox 1456 3001 1478 3042; x_wconf 73' lang='grc' dir='ltr'>ἱ).</span> 
     </span>
    </p>
   </div>
   <div class='ocr_carea' id='block_1_6' title="bbox 214 3114 2192 3549">
    <p class='ocr_par' dir='ltr' id='par_1_6' title="bbox 214 3114 2192 3549">
     <span class='ocr_line' id='line_1_33' title="bbox 344 3114 2188 3175; baseline -0.004 -13"><span class='ocrx_word' id='word_1_291' title='bbox 344 3122 361 3162; x_wconf 91' lang='grc'>1</span> <span class='ocrx_word' id='word_1_292' title='bbox 388 3119 468 3162; x_wconf 89' lang='lat' dir='ltr'>hoc</span> <span class='ocrx_word' id='word_1_293' title='bbox 491 3120 630 3162; x_wconf 56' lang='lat' dir='ltr'>omli!</span> <span class='ocrx_word' id='word_1_294' title='bbox 728 3122 750 3162; x_wconf 71' lang='lat'>2</span> <span class='ocrx_word' id='word_1_295' title='bbox 772 3117 878 3175; x_wconf 82' lang='lat' dir='ltr'>quo]</span> <span class='ocrx_word' id='word_1_296' title='bbox 903 3118 979 3175; x_wconf 82' lang='lat' dir='ltr'>qni</span> <span class='ocrx_word' id='word_1_297' title='bbox 1002 3120 1051 3162; x_wconf 87' lang='lat' dir='ltr'><em>M</em></span> <span class='ocrx_word' id='word_1_298' title='bbox 1141 3121 1165 3161; x_wconf 82' lang='lat'>4</span> <span class='ocrx_word' id='word_1_299' title='bbox 1189 3131 1237 3161; x_wconf 86' lang='lat' dir='ltr'>ea</span> <span class='ocrx_word' id='word_1_300' title='bbox 1260 3131 1339 3160; x_wconf 86' lang='lat' dir='ltr'>om.</span> <span class='ocrx_word' id='word_1_301' title='bbox 1357 3131 1397 3159; x_wconf 81' lang='lat' dir='ltr'>m</span> <span class='ocrx_word' id='word_1_302' title='bbox 1488 3118 1513 3159; x_wconf 77' lang='grc' dir='ltr'>ἵ)</span> <span class='ocrx_word' id='word_1_303' title='bbox 1533 3128 1760 3160; x_wconf 82' lang='lat' dir='ltr'>aereorum</span> <span class='ocrx_word' id='word_1_304' title='bbox 1785 3116 1824 3158; x_wconf 89' lang='lat' dir='ltr'><strong><em>A</em></strong></span> <span class='ocrx_word' id='word_1_305' title='bbox 1910 3127 2057 3158; x_wconf 86' lang='lat' dir='ltr'>sensos</span> <span class='ocrx_word' id='word_1_306' title='bbox 2081 3114 2188 3159; x_wconf 80' lang='lat' dir='ltr'>Pml</span> 
     </span>
     <span class='ocr_line' id='line_1_34' title="bbox 214 3188 2190 3250; baseline -0.004 -12"><span class='ocrx_word' id='word_1_307' title='bbox 214 3197 240 3238; x_wconf 81' lang='lat'>6</span> <span class='ocrx_word' id='word_1_308' title='bbox 264 3194 508 3237; x_wconf 84' lang='lat' dir='ltr'>sententias</span> <span class='ocrx_word' id='word_1_309' title='bbox 530 3194 675 3237; x_wconf 85' lang='lat' dir='ltr'>HMP</span> <span class='ocrx_word' id='word_1_310' title='bbox 704 3194 928 3250; x_wconf 73' lang='lat' dir='ltr'>potentias</span> <span class='ocrx_word' id='word_1_311' title='bbox 955 3193 1156 3248; x_wconf 70' lang='lat' dir='ltr'>ATEuq.</span> <span class='ocrx_word' id='word_1_312' title='bbox 1182 3192 1269 3234; x_wconf 74' lang='lat' dir='ltr'>edd.</span> <span class='ocrx_word' id='word_1_313' title='bbox 1400 3195 1422 3236; x_wconf 79' lang='lat'>7</span> <span class='ocrx_word' id='word_1_314' title='bbox 1446 3192 1672 3235; x_wconf 86' lang='lat' dir='ltr'>fornarum</span> <span class='ocrx_word' id='word_1_315' title='bbox 1698 3191 1735 3233; x_wconf 87' lang='lat' dir='ltr'><em>P</em></span> <span class='ocrx_word' id='word_1_316' title='bbox 1872 3190 1896 3231; x_wconf 80' lang='lat'>8</span> <span class='ocrx_word' id='word_1_317' title='bbox 1916 3188 2136 3246; x_wconf 89' lang='lat' dir='ltr'>cupiditas</span> <span class='ocrx_word' id='word_1_318' title='bbox 2155 3188 2190 3229; x_wconf 87' lang='lat' dir='ltr'><em>P</em></span> 
     </span>
     <span class='ocr_line' id='line_1_35' title="bbox 220 3260 2191 3318; baseline -0.003 -9"><span class='ocrx_word' id='word_1_319' title='bbox 220 3267 527 3312; x_wconf 84' lang='lat' dir='ltr'>formidolosas</span> <span class='ocrx_word' id='word_1_320' title='bbox 551 3270 738 3312; x_wconf 68' lang='lat' dir='ltr'><strong><em>AHJJT</em></strong></span> <span class='ocrx_word' id='word_1_321' title='bbox 811 3268 862 3311; x_wconf 80' lang='lat'>10</span> <span class='ocrx_word' id='word_1_322' title='bbox 885 3266 1166 3311; x_wconf 85' lang='lat' dir='ltr'>transcendet</span> <span class='ocrx_word' id='word_1_323' title='bbox 1192 3266 1334 3310; x_wconf 79' lang='lat' dir='ltr'>HMP</span> <span class='ocrx_word' id='word_1_324' title='bbox 1413 3266 1459 3307; x_wconf 85' lang='lat'>11</span> <span class='ocrx_word' id='word_1_325' title='bbox 1487 3270 1529 3308; x_wconf 89' lang='lat' dir='ltr'>et</span> <span class='ocrx_word' id='word_1_326' title='bbox 1552 3266 1689 3310; x_wconf 80' lang='lat' dir='ltr'>0m.M</span> <span class='ocrx_word' id='word_1_327' title='bbox 1767 3264 1825 3306; x_wconf 82' lang='lat' dir='ltr'>eis</span> <span class='ocrx_word' id='word_1_328' title='bbox 1852 3263 1889 3305; x_wconf 91' lang='lat' dir='ltr'><em>P</em></span> <span class='ocrx_word' id='word_1_329' title='bbox 1958 3264 2007 3306; x_wconf 80' lang='lat'>12</span> <span class='ocrx_word' id='word_1_330' title='bbox 2029 3260 2191 3318; x_wconf 69' lang='lat' dir='ltr'>ipsum]</span> 
     </span>
     <span class='ocr_line' id='line_1_36' title="bbox 216 3337 2191 3399; baseline -0.003 -15"><span class='ocrx_word' id='word_1_331' title='bbox 216 3355 319 3385; x_wconf 87' lang='lat' dir='ltr'>eum</span> <span class='ocrx_word' id='word_1_332' title='bbox 356 3342 466 3385; x_wconf 80' lang='lat' dir='ltr'>Am2</span> <span class='ocrx_word' id='word_1_333' title='bbox 493 3356 523 3384; x_wconf 77' lang='lat' dir='ltr'>s.</span> <span class='ocrx_word' id='word_1_334' title='bbox 544 3341 569 3383; x_wconf 84' lang='lat' dir='ltr'>I.</span> <span class='ocrx_word' id='word_1_335' title='bbox 718 3342 780 3399; x_wconf 90' lang='lat' dir='ltr'>et]</span> <span class='ocrx_word' id='word_1_336' title='bbox 816 3342 889 3385; x_wconf 91' lang='lat' dir='ltr'>sed</span> <span class='ocrx_word' id='word_1_337' title='bbox 925 3343 975 3386; x_wconf 92' lang='lat' dir='ltr'><em>M</em></span> <span class='ocrx_word' id='word_1_338' title='bbox 1138 3346 1286 3384; x_wconf 82' lang='lat' dir='ltr'>tenere</span> <span class='ocrx_word' id='word_1_339' title='bbox 1320 3341 1464 3383; x_wconf 77' lang='lat' dir='ltr'>HMP</span> <span class='ocrx_word' id='word_1_340' title='bbox 1634 3341 1682 3382; x_wconf 80' lang='lat'>14</span> <span class='ocrx_word' id='word_1_341' title='bbox 1718 3338 1909 3393; x_wconf 61' lang='lat' dir='ltr'>penda*t</span> <span class='ocrx_word' id='word_1_342' title='bbox 1943 3340 1990 3391; x_wconf 86' lang='lat' dir='ltr'>(n</span> <span class='ocrx_word' id='word_1_343' title='bbox 2026 3338 2126 3391; x_wconf 75' lang='lat' dir='ltr'>ras.)</span> <span class='ocrx_word' id='word_1_344' title='bbox 2153 3337 2191 3379; x_wconf 88' lang='lat' dir='ltr'><strong><em>A</em></strong></span> 
     </span>
     <span class='ocr_line' id='line_1_37' title="bbox 222 3412 2192 3473; baseline -0.004 -14"><span class='ocrx_word' id='word_1_345' title='bbox 222 3417 270 3459; x_wconf 86' lang='grc'>16</span> <span class='ocrx_word' id='word_1_346' title='bbox 295 3418 647 3473; x_wconf 80' lang='lat' dir='ltr'>praeceptionem</span> <span class='ocrx_word' id='word_1_347' title='bbox 679 3418 713 3459; x_wconf 88' lang='lat' dir='ltr'><em>P</em></span> <span class='ocrx_word' id='word_1_348' title='bbox 818 3418 868 3459; x_wconf 69' lang='lat'>2⁰</span> <span class='ocrx_word' id='word_1_349' title='bbox 895 3416 1071 3460; x_wconf 81' lang='lat' dir='ltr'>uidetur</span> <span class='ocrx_word' id='word_1_350' title='bbox 1093 3418 1140 3472; x_wconf 88' lang='lat' dir='ltr'>(n</span> <span class='ocrx_word' id='word_1_351' title='bbox 1161 3428 1192 3455; x_wconf 71' lang='lat' dir='ltr'>s.</span> <span class='ocrx_word' id='word_1_352' title='bbox 1219 3430 1238 3457; x_wconf 88' lang='lat' dir='ltr'>e</span> <span class='ocrx_word' id='word_1_353' title='bbox 1260 3415 1347 3458; x_wconf 75' lang='lat' dir='ltr'>m‘2)</span> <span class='ocrx_word' id='word_1_354' title='bbox 1364 3416 1401 3457; x_wconf 67' lang='lat' dir='ltr'><em>A</em></span> <span class='ocrx_word' id='word_1_355' title='bbox 1508 3414 1559 3456; x_wconf 79' lang='lat'>:24</span> <span class='ocrx_word' id='word_1_356' title='bbox 1581 3415 1930 3469; x_wconf 79' lang='lat' dir='ltr'>contentumque</span> <span class='ocrx_word' id='word_1_357' title='bbox 1958 3412 1994 3454; x_wconf 89' lang='lat' dir='ltr'><em>P</em></span> <span class='ocrx_word' id='word_1_358' title='bbox 2014 3414 2192 3454; x_wconf 86' lang='lat' dir='ltr'>conten-</span> 
     </span>
     <span class='ocr_line' id='line_1_38' title="bbox 218 3486 1867 3549; baseline -0.004 -14"><span class='ocrx_word' id='word_1_359' title='bbox 218 3493 414 3548; x_wconf 87' lang='lat' dir='ltr'>tuqueM</span> <span class='ocrx_word' id='word_1_360' title='bbox 436 3496 740 3549; x_wconf 75' lang='lat' dir='ltr'>conreptuque</span> <span class='ocrx_word' id='word_1_361' title='bbox 770 3494 804 3535; x_wconf 92' lang='lat' dir='ltr'><em>T</em></span> <span class='ocrx_word' id='word_1_362' title='bbox 897 3492 1084 3533; x_wconf 77' lang='lat' dir='ltr'>maiores</span> <span class='ocrx_word' id='word_1_363' title='bbox 1104 3491 1150 3533; x_wconf 78' lang='lat' dir='ltr'>in</span> <span class='ocrx_word' id='word_1_364' title='bbox 1172 3504 1255 3533; x_wconf 70' lang='lat' dir='ltr'>ras.</span> <span class='ocrx_word' id='word_1_365' title='bbox 1279 3492 1327 3534; x_wconf 82' lang='lat' dir='ltr'>T,</span> <span class='ocrx_word' id='word_1_366' title='bbox 1352 3491 1485 3532; x_wconf 57' lang='lat' dir='ltr'>mndl</span> <span class='ocrx_word' id='word_1_367' title='bbox 1581 3488 1631 3531; x_wconf 67' lang='lat'>:30</span> <span class='ocrx_word' id='word_1_368' title='bbox 1658 3487 1805 3530; x_wconf 87' lang='lat' dir='ltr'>inhere</span> <span class='ocrx_word' id='word_1_369' title='bbox 1831 3486 1867 3528; x_wconf 83' lang='lat' dir='ltr'><em>T</em></span> 
     </span>
    </p>
   </div>
  </div>
 </body>
</html>
