2398 3724
1080 157 1377 199 Praefatio.
2143 141 2174 192 3

275 305 492 375 sophiae
542 305 788 372 attigisse
842 303 1065 373 putandi
1113 306 1233 367 sint,
1287 303 1339 353 in
1382 300 1662 353 tractanda
1703 300 2013 367 quaestione
2052 317 2175 352 mox

275 393 596 445 defecerunt.
662 409 839 444 eorum
901 397 1075 459 partes
1116 389 1342 458 Alypius
1394 395 1445 445 et
1492 388 1827 455 Augustinus
1887 387 2175 455 excipiunt.

274 485 433 545 atque
474 480 805 546 Augustinus
859 479 1054 530 omissa
1105 476 1419 543 quaestione
1467 474 1903 527 Academicorum
1955 474 2021 526 de
2071 490 2176 525 non

275 566 615 619 assentiendo
673 565 892 633 exponit
951 582 1018 617 ne
1070 563 1200 632 ipsis
1261 562 1476 629 quidem
1529 561 1861 613 Academicis
1914 561 2177 629 placuisse

277 654 407 705 nihil
446 653 646 721 percipi
687 669 860 720 posse,
903 669 1021 704 eum
1062 651 1276 719 sapiens
1317 666 1497 702 eorum
1538 649 1708 717 ipsam
1737 665 1842 715 qua
1869 647 2082 715 sapiens
2111 647 2180 699 sit

277 740 591 809 sapientiam
645 740 947 808 percepisse
998 737 1268 807 putandus
1321 736 1415 804 sit;
1476 735 1568 788 sed
1623 734 1960 787 Academicis
2013 733 2179 786 fuisse

277 844 470 879 morem
494 826 837 880 occultandae
867 826 1163 879 sententiae
1192 825 1318 877 suae
1348 828 1560 891 propter
1588 822 1854 874 Zenonem
1883 827 1933 873 et
1956 819 2177 873 Stoicos.

278 932 382 980 qua
434 916 485 965 in
538 931 592 966 re
646 931 763 966 cum
805 913 1030 981 Alypius
1071 928 1189 965 cum
1244 910 1415 962 amico
1469 926 1525 962 se
1586 908 1885 961 consentire
1937 907 2179 973 dixisset,

279 1001 613 1068 Augustinus
663 999 941 1052 confitetur
994 1008 1049 1052 s'e
1098 998 1313 1064 quidem
1367 1012 1550 1048 uerum
1602 995 1837 1048 nondum
1890 995 2180 1060 inuenisse,

280 1087 372 1139 sed
413 1105 468 1140 se
508 1104 613 1140 non
652 1087 935 1155 desperare
975 1085 1086 1137 fore
1128 1092 1185 1137 ut
1218 1083 1506 1150 aliquando
1537 1099 1718 1134 uerum
1747 1081 2023 1150 percipiat,
2065 1098 2180 1133 cum

279 1174 453 1226 adhuc
482 1175 691 1227 iuuenis
721 1175 787 1226 sit
816 1173 895 1240 (C.
926 1175 1014 1224 Ac.
1046 1173 1123 1223 III
1153 1173 1238 1237 43,
1269 1189 1316 1239 p.
1348 1169 1432 1236 80,
1456 1169 1526 1238 5).
1572 1185 1674 1235 quo
1703 1168 1968 1235 significat
1997 1184 2052 1220 se
2080 1169 2181 1219 iam

279 1262 331 1312 in
373 1278 433 1314 eo
474 1278 608 1327 esse,
652 1268 706 1312 ut
741 1260 1174 1312 Academicorum
1214 1257 1454 1310 doctrina
1494 1256 1678 1308 relicta
1705 1255 2017 1308 catholicam
2051 1254 2184 1307 ueri-

280 1354 439 1400 tatem
491 1348 855 1416 ampleetatur.
946 1348 1060 1415 pari
1113 1345 1268 1398 modo
1330 1344 1490 1397 etiam
1545 1343 1597 1393 in
1659 1343 1807 1395 libris
1860 1342 1943 1394 De
2004 1343 2185 1394 ordine

281 1452 397 1486 cum
451 1434 786 1502 disputantes
839 1434 904 1486 de
957 1450 1131 1485 rerum
1184 1432 1369 1484 ordine
1423 1447 1480 1482 se
1532 1434 1712 1481 tantae
1754 1429 2054 1496 quaestioni
2094 1429 2185 1480 im-

281 1538 434 1590 pares
499 1537 616 1574 esse
682 1521 1061 1586 ostendissent,
1134 1519 1469 1586 Augustinus
1534 1517 1808 1585 proposita
1872 1516 2184 1583 quaestione

281 1608 476 1661 omissa
522 1609 588 1661 de
636 1608 932 1676 disciplinis
974 1607 1283 1660 liberalibus
1324 1605 1497 1671 deque
1538 1603 1723 1656 ordine
1766 1603 2016 1656 studendi
2057 1602 2186 1670 quid

283 1696 383 1749 sibi
424 1695 670 1748 uideatur
709 1697 929 1764 exponit
970 1695 1074 1764 (De
1114 1695 1222 1746 ord.
1266 1694 1333 1758 II,
1363 1694 1411 1758 7,
1442 1691 1551 1758 24).

885 1896 953 1962 II.
1005 1896 1100 1961 DE
1150 1894 1559 1962 ΟΟΙΠΟΙΒΠΒὁ

355 2043 500 2096 Haec
552 2043 808 2111 opuscula
860 2060 952 2111 per
1004 2041 1236 2094 medium
1289 2058 1480 2093 aeuum
1532 2040 1770 2092 lectitata
1811 2044 1862 2090 et
1903 2055 2063 2107 saepe
2102 2038 2186 2091 de-

284 2131 478 2198 scripta
517 2147 633 2183 esse
675 2147 741 2183 ex
781 2146 975 2196 magno
1016 2145 1235 2181 numero
1288 2127 1545 2193 codicum,
1599 2126 1689 2192 qui
1743 2126 1795 2177 in
1853 2125 2187 2179 bibliothecis

283 2216 844 2274 GalliaeGermaniae
883 2216 1192 2268 Britanniae
1245 2216 1431 2267 Italiae
1483 2221 1844 2279 asseruantur,
1899 2213 2183 2279 colligitur.

283 2303 374 2354 sed
418 2320 520 2354 non
568 2303 744 2355 omnia
782 2303 883 2354 tria
924 2303 1079 2355 simul
1121 2303 1309 2355 iisdem
1350 2302 1622 2354 codicibus
1664 2300 2050 2353 uetustioribus
2089 2306 2187 2351 tra-

285 2390 394 2441 dita
435 2398 576 2458 sunt,
621 2390 931 2458 plerumque
973 2389 1114 2442 enim
1141 2389 1259 2442 libri
1294 2392 1347 2442 (J.
1377 2389 1547 2440 Aeaci.
1579 2405 1696 2439 cum
1722 2387 1871 2440 libris
1900 2387 1983 2438 De
2010 2387 2189 2438 ordine

285 2477 550 2529 coniuncti
591 2482 730 2542 sunt,
772 2493 889 2528 cum
931 2476 1140 2528 libellus
1180 2476 1263 2528 De
1292 2477 1445 2527 beata
1476 2477 1586 2526 uita
1627 2491 1865 2527 seorsum
1904 2474 2021 2526 aliis
2049 2473 2188 2525 codi-

284 2564 432 2616 cibus
484 2564 708 2616 traditus
762 2564 1077 2616 inueniatur.
1144 2563 1239 2615 sed
1291 2562 1531 2615 codicum
1585 2562 1741 2627 longe
1796 2561 2028 2613 maxima
2067 2576 2188 2628 pars

286 2651 498 2703 saeculo
538 2651 632 2702 XI.
677 2651 938 2704 recentior
977 2668 1044 2702 ex
1092 2650 1474 2703 uetustioribus
1513 2648 1688 2701 adhue
1736 2648 2042 2701 extantibus
2081 2665 2189 2699 ma-

287 2754 443 2790 nasse
483 2732 793 2790 lacunarum
834 2745 885 2790 et
938 2738 1248 2790 mendorum
1301 2753 1566 2790 consensu
1625 2754 1718 2804 pro
1771 2742 1912 2788 certo
1965 2740 2187 2787 constat.

288 2842 446 2890 quare
487 2842 705 2878 necesse
735 2833 862 2891 crat,
904 2842 969 2876 ne
997 2832 1288 2893 apparatus
1317 2824 1532 2877 criticus
1561 2824 1714 2876 solito
1743 2823 1861 2891 plus
1889 2828 2188 2889 augeretur,

287 2912 516 2963 maxima
569 2918 716 2979 parte
772 2911 1125 2963 recentiorum
1178 2911 1418 2963 codicum
1474 2910 1721 2976 neglecta
1761 2908 2048 2977 scripturas
2088 2908 2190 2960 dis-

287 3004 564 3065 crepantes
605 3015 671 3050 ex
714 2998 1093 3051 uetustioribus
1134 3004 1337 3049 tantum
1366 2996 1638 3049 adnotare.
1681 3001 1948 3048 uetustate
1976 2994 2189 3061 quidem

288 3083 495 3135 codices
555 3086 802 3137 librorum
861 3085 913 3136 (J.
956 3085 1125 3137 Aeaci.
1181 3092 1233 3136 et
1285 3084 1367 3135 De
1420 3084 1597 3135 ordine
1650 3083 1938 3149 codicibus,
1998 3081 2190 3147 quibus

290 3170 498 3221 libellus
539 3171 621 3223 De
661 3173 809 3222 beata
852 3174 965 3223 uita
1019 3178 1260 3223 seruatus
1314 3177 1410 3235 est,
1464 3176 1765 3238 praestant;
1819 3169 1912 3222 sed
1965 3167 2191 3220 saeculis

289 3256 439 3307 XIII.
469 3257 611 3308 XIV.
644 3257 758 3309 XV.
801 3258 919 3309 libri
948 3258 1030 3309 De
1059 3259 1213 3309 beata
1241 3260 1354 3309 ‘uita
1389 3263 1440 3309 et
1468 3257 1550 3308 De
1578 3257 1757 3308 ordine
1785 3257 1946 3307 multo
1976 3254 2191 3322 saepius

290 3359 444 3407 quam
486 3343 603 3394 libri
649 3343 702 3394 (J.
734 3345 901 3395 Acad.
943 3343 1194 3412 descripti
1237 3350 1375 3407 sunt,
1430 3343 1567 3395 sicut
1619 3360 1684 3394 ex
1738 3342 1977 3394 codicum
2018 3357 2192 3392 recen·

290 3429 476 3479 tiorum
519 3441 824 3497 conspectu,
867 3447 1021 3496 quem
1064 3439 1249 3497 postca
1287 3430 1521 3494 afferam,
1563 3429 1853 3496 apparebit.
1899 3444 2034 3493 quae
2074 3444 2189 3478 cuni
