2398 3724
235 182 329 235 136
957 193 1040 236 III.
1094 193 1178 237 De
1229 193 1471 237 ordine

368 347 446 400 23.
485 345 622 416 Ergo
657 362 810 399 mane
844 363 962 399 cum
994 363 1253 416 regressus
1289 352 1423 399 esset
1458 346 1595 400 solus
1631 376 1697 381 —
1728 364 1851 400 nam
1887 353 2104 417 uterque
2142 349 2206 402 ob

233 429 453 481 eandem
484 445 696 481 causam
726 433 1045 497 processerat
1075 456 1142 462 —
1169 429 1385 482 accessit
1414 429 1481 481 ad
1512 428 1760 481 lectulum
1789 446 1987 482 meum:
2010 434 2206 487 Uerum

233 510 361 562 mihi
397 510 495 573 dic,
533 510 722 578 inquit,
760 510 837 563 ita
872 509 968 562 fiat
1005 508 1151 562 nobis
1178 511 1317 579 quod
1354 510 1449 573 uis,
1487 510 1613 579 quid
1637 511 1700 563 de
1730 528 1811 563 me
1836 512 2117 566 existimes,
2147 541 2212 547 —

231 593 407 660 Atque
431 609 524 661 ego
546 591 891 644 adulescentis
912 592 1183 644 dexteram
1206 592 1624 660 adprehendens:
1656 592 1808 656 Quid,
1838 593 2072 662 inquam,
2103 595 2207 646 exi-

232 674 457 737 stimem,
486 674 646 726 sentis
673 674 836 726 credis
863 673 1133 743 intellegis,
1183 690 1349 742 neque
1378 674 1517 726 enim
1545 673 1770 727 arbitror
1797 679 1849 727 te
1876 675 2070 728 frustra
2097 675 2207 728 heri
2242 694 2262 730 5

231 761 344 808 tam
369 756 458 808 diu
481 755 742 819 cecinisse,
770 760 828 807 ut
853 756 1111 807 uirtutum
1136 756 1261 808 deus
1285 772 1535 808 conuerso
1560 755 1659 808 tibi
1681 773 1733 808 se
1759 758 2020 810 ostendat.
2048 786 2114 791 ——
2136 758 2204 809 At

230 837 314 890 ille
347 855 465 889 cum
499 838 845 890 admiratione
877 838 1201 890 recordat-us:
1238 838 1503 907 Magnum,
1538 838 1727 906 inquit,
1761 838 1887 891 dicis
1921 843 1973 890 et-
2007 856 2203 892 nerum.

231 936 337 972 non
364 920 503 971 enirn
530 937 612 971 me
640 920 811 988 ipsum
838 936 1024 988 parum
1051 925 1246 982 mouet,
1277 920 1416 988 quod
1444 921 1599 972 modo
1627 925 1738 972 tarn
1768 937 1916 989 aegre
1945 921 2206 974 auocabar

231 1019 262 1054 a
284 1002 432 1071 nugis
456 1001 555 1053 illis
578 1001 822 1053 carminis
846 1002 962 1064 mei,
988 1006 1039 1053 et
1062 1001 1167 1053 iam
1190 1002 1354 1053 redire
1379 1002 1445 1054 ad
1469 1019 1554 1054 eas
1578 1002 1719 1071 piget
1743 1007 1795 1054 et
1818 1003 2005 1070 pudet;
2029 1003 2102 1055 ita
2128 1009 2206 1055 to-

230 1088 315 1136 tus
334 1084 389 1135 in
409 1084 669 1152 quaedam
688 1100 879 1153 magna
899 1089 949 1136 et
969 1083 1101 1135 mira
1120 1083 1395 1136 subuehor.
1436 1100 1607 1136 nonne
1627 1083 1722 1136 hoc
1743 1089 1821 1136 est
1841 1101 1959 1136 uere
1979 1085 2031 1136 in
2050 1085 2205 1136 deum
2243 1103 2291 1139 10

230 1165 504 1218 conuerti?
550 1165 705 1218 simul
728 1170 780 1217 et
805 1165 931 1217 illud
954 1166 1172 1234 gaudeo,
1201 1166 1339 1234 quod
1365 1165 1558 1218 frustra
1583 1166 1711 1217 mihi
1736 1165 2005 1234 scrupulus
2031 1183 2205 1235 super-

231 1247 457 1300 stitionis
472 1248 692 1300 iniectus
708 1252 802 1310 est,
820 1248 955 1316 quod
974 1247 1069 1299 tali
1084 1247 1193 1300 loco
1214 1247 1342 1299 talia
1356 1247 1699 1300 cantitabam.
1723 1276 1789 1280 —
1806 1247 1948 1311 Mihi,
1970 1248 2203 1316 inquam,

230 1346 398 1398 neque
432 1330 528 1382 hoc
565 1329 802 1398 displicet
838 1336 888 1381 et
924 1330 991 1381 ad
1024 1328 1171 1381 illum
1207 1330 1440 1382 ordinem
1475 1335 1604 1398 puto
1639 1330 1914 1398 pertinere,
1953 1334 2010 1381 ut
2045 1330 2204 1382 etiam

229 1411 349 1464 hinc
384 1411 581 1480 aliquid
615 1412 915 1464 diceremus
970 1427 1094 1463 nam
1126 1411 1201 1463 illi
1232 1412 1438 1463 cantico
1471 1417 1523 1463 et
1557 1411 1725 1463 locum
1760 1412 1946 1480 ipsum,
1982 1428 2084 1480 quo
2119 1411 2203 1464 illa

231 1493 434 1546 offensa
461 1499 556 1556 est,
587 1498 638 1545 et
667 1499 873 1546 noctem
902 1510 1181 1563 congruere
1210 1493 1377 1546 uideo.
1428 1510 1455 1545 a
1486 1493 1673 1562 quibus
1702 1494 1840 1545 enim
1867 1493 2020 1545 rebus
2049 1499 2204 1562 putas
2242 1512 2289 1547 15

229 1592 322 1628 nos
358 1592 502 1628 orare
536 1580 595 1627 ut
628 1580 998 1628 conuertamur
1031 1576 1098 1627 ad
1131 1576 1286 1627 deum
1321 1575 1530 1644 eiusque
1565 1575 1750 1627 faciem
1784 1576 2070 1639 uidea-muS,
2108 1576 2205 1628 nisi

229 1675 259 1710 a
297 1659 525 1726 quodam
562 1674 688 1710 ceno
724 1657 949 1726 corporis
997 1662 1156 1726 atque
1204 1656 1440 1710 sordibus
1483 1662 1537 1709 et
1571 1658 1697 1709 item
1734 1657 1977 1720 tenebris,
2016 1657 2203 1726 quibus

230 1757 321 1791 nos
346 1756 483 1792 error
506 1738 767 1792 inuoluit?
793 1744 885 1791 aut
909 1739 1034 1808 quid
1058 1745 1135 1791 est
1158 1739 1299 1791 aliud
1322 1739 1559 1792 conuerti
1581 1739 1679 1791 nisi
1702 1738 1768 1791 ab
1790 1739 2203 1791 inmoderatione

230 1822 477 1874 uitiorum
516 1822 711 1873 uirtute
750 1838 808 1873 ac
846 1821 1198 1889 temperantia
1234 1821 1286 1872 in
1323 1838 1430 1873 sese
1469 1820 1690 1873 adt-olli?
1742 1821 1932 1889 quidue
1959 1820 2098 1873 aliud
2127 1827 2204 1873 est

230 1904 314 1956 dei
352 1903 508 1956 facies
548 1920 706 1972 quam
746 1904 875 1971 ipsa,
915 1903 998 1955 cui
1035 1903 1354 1971 suspiramus
1394 1908 1445 1954 et
1483 1903 1566 1955 cui
1604 1919 1695 1955 nos
1735 1907 1944 1955 amatae
1983 1904 2203 1954 mundos
2240 1921 2289 1957 20

230 1985 576 2054 pulchrosque
612 1986 893 2048 reddamus,
934 1984 1166 2037 ueritas?
1206 2014 1271 2018 ——
1305 1984 1487 2037 Melius
1524 1985 1625 2037 dici
1662 2001 1766 2037 non
1802 1990 1993 2052 potest,
2033 1985 2201 2052 inquit

229 2067 551 2131 exclamans;
608 2068 795 2119 deinde
852 2067 1173 2135 suppressius
1220 2067 1368 2135 quasi
1426 2068 1491 2118 ad
1539 2083 1740 2118 aurem:
1810 2067 1943 2120 Uide
1992 2082 2201 2134 quaeso,

229 2155 429 2218 quanta
472 2154 820 2211 occurrerunt,
861 2154 917 2200 ut
950 2150 1158 2200 credam
1199 2165 1316 2218 erga
1361 2164 1452 2199 nos
1496 2147 1693 2216 aliquid
1738 2148 1841 2199 iam
1885 2148 2202 2216 prosperiore

232 2231 411 2283 ordine
456 2231 583 2283 fieri.

364 2329 441 2380 24.
491 2328 543 2380 Si
585 2328 834 2390 ordinem,
878 2327 1110 2396 inquam,
1153 2344 1318 2390 curas,
1360 2327 1684 2379 redeundum
1726 2326 1823 2378 tibi
1864 2331 1940 2378 est
1983 2327 2048 2378 ad
2092 2325 2201 2378 illos
2237 2343 2287 2381 25

231 2427 422 2462 uersus.
472 2427 595 2462 nam
626 2410 848 2462 eruditio
878 2409 1269 2477 disciplinarum
1301 2408 1590 2460 liberalium
1623 2409 1858 2460 modesta
1889 2425 2012 2460 sane
2043 2415 2201 2476 atque

228 2492 491 2544 succincta
540 2497 591 2544 et
639 2491 909 2544 alacriores
957 2496 1008 2543 et
1054 2491 1524 2559 perseuerantiores
1572 2496 1623 2542 et
1670 2490 1942 2542 comtiores
1990 2489 2202 2542 exhibet

228 2578 489 2626 amatores
521 2574 912 2642 amplectendae
940 2573 1168 2636 ueritati,
1200 2578 1259 2624 ut
1290 2573 1558 2625 ardentius
1591 2577 1847 2640 appetant
1878 2577 1929 2624 et
1959 2578 2201 2624 constan-

360 2756 413 2800 26
434 2752 486 2797 cf.
514 2755 710 2799 Retract.
738 2755 817 2806 13,
839 2757 861 2797 4

366 2869 384 2910 1
411 2881 606 2924 egressus
634 2869 739 2911 Tm]
833 2868 857 2908 3
881 2868 948 2910 dic
972 2866 1077 2909 mihi
1102 2867 1283 2910 ATedd.
1377 2868 1401 2908 4
1423 2866 1721 2909 adulescentes
1749 2866 1854 2909 Pm]
1930 2866 2202 2921 adprwehen-

227 2945 336 2987 dens·
370 2945 410 2997 (a
446 2956 544 2993 ras,
579 2957 599 2984 e
633 2942 706 2984 alt.
742 2954 792 2982 er
826 2942 856 2989 i)
883 2942 919 2984 P
1097 2942 1121 2984 6
1151 2940 1356 2984 cecinisse
1388 2940 1560 2983 tamdiu
1594 2942 1633 2984 A
1667 2940 1881 2995 quamdiu
1913 2939 2121 2984 cecinisse
2157 2942 2195 2982 ΙΙ

231 3019 256 3062 8
280 3015 427 3071 modo]
448 3023 596 3060 mouet
626 3017 730 3059 Pml
811 3014 921 3070 tam]
943 3017 1093 3059 tamen
1117 3017 1153 3059 A
1233 3015 1484 3059 aduocabar
1505 3016 1543 3059 A
1622 3013 1647 3056 9
1667 3015 1822 3071 nu*gis
1845 3014 1884 3056 A
1980 3015 2029 3057 10
2051 3029 2114 3069 pr.
2135 3013 2194 3068 in]

232 3094 287 3135 ad
310 3094 349 3136 A
364 3091 428 3135 sl.
541 3093 786 3135 subueheor
809 3091 965 3134 HPml
1079 3093 1128 3134 12
1152 3089 1340 3134 infectus
1359 3090 1396 3132 P
1416 3090 1609 3134 intectus
1625 3090 1734 3134 Hm]
1827 3090 2060 3132 cantabam
2094 3090 2194 3132 Tm]

232 3167 520 3210 cantatabam
545 3167 653 3208 Am]
751 3167 798 3207 14
822 3164 1083 3219 diceremus]
1105 3166 1118 3209 1
1140 3165 1404 3208 disceremus
1429 3164 1535 3208 ΑΜΖ)
1632 3165 1775 3221 ipsum
1799 3163 1941 3205 locum
1964 3165 2014 3206 M
2091 3161 2197 3219 quo]

234 3244 351 3298 quod
382 3242 417 3284 P
438 3255 525 3296 qua
554 3243 587 3284 T
700 3241 748 3285 1?
782 3238 995 3295 tenebris]
1029 3254 1052 3282 a
1086 3240 1278 3283 tenebris
1301 3241 1333 3282 A
1347 3238 1589 3283 HJlTedd.
1714 3239 1764 3281 18
1796 3236 2089 3282 immoratione
2114 3238 2198 3280 ΙΙΙ)

236 3317 286 3359 19
320 3316 413 3360 tolli
437 3317 490 3359 M
621 3316 673 3358 2⁴³
696 3314 769 3357 illa
790 3316 841 3358 Μ
962 3316 1013 3357 22
1035 3313 1290 3371 suppresius
1318 3316 1353 3357 T
1484 3314 1535 3356 23
1558 3311 1815 3369 prosperiori
1840 3313 1889 3355 M
1914 3312 2134 3368 propriore
2156 3312 2196 3354 A

232 3394 283 3436 27
308 3390 733 3446 perseuaerantiores
758 3390 794 3431 A
923 3390 1229 3432 eommotiores
1250 3387 1335 3432 AT
1475 3389 1526 3431 :28
1549 3387 1737 3430 ueritate
1764 3387 1868 3429 l’ml
1993 3383 2059 3439 ut]
2081 3389 2129 3429 ut
2153 3393 2192 3428 et

234 3466 422 3509 AHMT
444 3465 529 3507 edd.
