2398 3724
130 1067 180 1103 10

131 1472 178 1508 15

130 1877 181 1913 20

130 2296 182 2332 25

975 165 994 207 I
1036 164 1102 211 10,
1141 162 1321 215 30-11,
1359 163 1412 205 32
2069 152 2161 203 143

216 318 449 372 nonnulli
495 317 837 385 reperiuntur,
890 331 1108 384 quorum
1158 314 1319 366 animi
1367 313 1731 366 contemnendi
1781 330 1884 366 non
1933 319 2054 365 sunt
2106 342 2169 347 —

215 401 407 469 aspersi
434 404 555 452 sunt
582 398 717 450 enim
746 396 1057 465 quibusdam
1084 394 1426 447 condimentis
1453 394 1796 446 humanitatis
1823 399 1876 446 et
1902 393 2049 446 facile
2078 411 2166 463 per

215 498 395 534 aureas
438 480 771 548 depictasque
813 478 995 530 ianuas
1032 477 1097 529 ad
1131 480 1460 528 sacrosancta
1493 475 1843 543 philosophiae
1880 475 2165 543 penetralia

218 564 568 630 perducuntur
600 589 665 594 —
694 559 818 611 satis
851 559 921 611 eis
953 558 1185 610 fecerunt
1217 562 1269 609 ct
1299 557 1517 609 maiores
1549 557 1728 619 nostri,
1761 572 1979 624 quorum
2012 556 2165 608 libros

217 643 312 695 tibi
331 642 478 695 nobis
498 640 786 710 legentibus
802 644 950 692 notos
966 655 1072 690 esse
1091 638 1257 701 uideo,
1279 643 1330 690 et
1348 637 1427 690 his
1441 636 1759 705 temporibus
1773 669 1836 674 —
1851 642 1910 688 ut
1925 637 2165 690 omittam

214 730 408 776 ceteros
428 754 493 760 —
514 723 591 774 uir
613 727 664 774 et
688 721 892 791 ingenio
919 725 970 772 et
994 719 1289 788 eloquentia
1314 723 1366 771 et
1393 718 1514 786 ipsis
1539 717 1824 787 insignibus
1847 717 2166 770 muneribus·

216 822 314 874 que
336 805 575 857 fortunae
599 808 666 865 et,
691 803 829 871 quod
853 806 974 854 ante
999 801 1171 853 omnia
1194 805 1288 863 est,
1312 804 1486 852 mente
1508 799 1982 867 praestantissimus
2007 799 2167 851 Theo-

216 888 386 949 dorus,
419 902 572 953 quem
603 884 732 935 bene
761 883 870 951 ipsa
902 882 1054 945 nosti,
1085 882 1137 934 id
1167 882 1292 950 agit,
1324 886 1383 933 ut
1413 885 1464 933 et
1493 897 1629 932 nunc
1660 885 1712 932 et
1741 880 1879 948 apud
1909 885 2140 948 posteros

218 966 414 1018 nullum
447 982 607 1035 genus
640 964 908 1016 hominum
942 964 1004 1015 de
1038 962 1223 1014 litteris
1256 967 1551 1014 nostrorum
1584 966 1877 1030 temporum
1910 961 2017 1013 iure
2051 977 2168 1013 con-

217 1053 476 1117 queratur.
520 1047 620 1098 mei
643 1050 818 1098 autem
840 1044 956 1096 libri
978 1044 1020 1096 si
1042 1060 1261 1112 quorum
1283 1042 1415 1096 forte
1438 1059 1622 1095 manus
1644 1043 1911 1111 tetigerint
1933 1041 2167 1110 lectoque

216 1146 328 1181 meo
348 1128 554 1181 nomine
572 1144 675 1180 non
696 1127 945 1179 dixerint:
967 1126 1080 1177 ‘iste
1097 1125 1209 1193 quis
1225 1129 1302 1177 est
1318 1123 1357 1176 Ρ6
1384 1124 1715 1192 codicemque
1730 1123 2054 1192 proiecerint,
2080 1123 2166 1174 sed

218 1210 298 1262 uel
344 1210 529 1262 curiosi
575 1208 657 1260 uel
693 1208 909 1259 nimium
946 1206 1163 1259 studiosi
1210 1210 1476 1258 contemta
1512 1205 1714 1257 uilitate
1750 1204 1939 1256 liminis
1975 1204 2168 1255 intrare

219 1291 550 1359 perrexerint,
600 1307 679 1341 me
728 1294 899 1341 tecum
948 1287 1400 1356 philosophantem
1450 1303 1552 1338 non
1600 1285 1812 1338 moleste
1861 1285 2028 1337 ferent
2077 1301 2167 1336 nec

218 1389 532 1441 quemquam
564 1371 798 1433 istorum,
833 1386 1052 1438 quorum
1084 1369 1209 1420 meis
1241 1368 1428 1420 litteris
1461 1384 1626 1419 sermo
1659 1367 1918 1429 miscetur,
1953 1366 2168 1420 fortasse

216 1458 565 1506 contemnent.
624 1456 745 1504 sunt
781 1451 918 1503 enim
955 1467 1058 1503 non
1095 1449 1259 1502 solum
1296 1449 1458 1511 liberi,
1497 1449 1635 1516 quod
1673 1448 1834 1500 cuiuis
1871 1447 2169 1515 disciplinae

218 1534 430 1597 liberali,
452 1535 641 1586 nedum
658 1532 1009 1600 philosophiae
1024 1532 1148 1583 satis
1171 1537 1265 1593 est,
1288 1531 1375 1582 sed
1391 1547 1592 1582 summo
1613 1531 1751 1597 apud
1772 1546 1889 1581 suos
1910 1528 2019 1581 loco
2042 1528 2166 1580 nati.

217 1616 630 1668 doctissimorum
655 1619 829 1666 autem
855 1613 1123 1665 hominum
1147 1611 1351 1663 litterae
1377 1611 1536 1663 etiam
1559 1616 1756 1663 sutores
1780 1609 2168 1678 philosophatos

217 1703 266 1748 et
310 1696 474 1748 multo
517 1695 696 1747 uiliora
741 1694 1068 1747 fortunarum
1108 1710 1296 1762 genera
1337 1692 1624 1754 continent,
1669 1692 1758 1760 qui
1799 1697 1977 1743 tamen
2019 1695 2168 1742 tanta

218 1778 408 1846 ingenii
432 1777 743 1844 uirtutisque
769 1776 878 1828 luce
904 1775 1174 1837 fulserunt,
1201 1779 1260 1826 ut
1285 1774 1421 1826 bona
1446 1791 1537 1826 sua
1562 1790 1679 1825 cum
1705 1772 1936 1841 qualibet
1960 1772 2169 1823 huiusce

218 1859 355 1912 modi
382 1858 653 1911 nobilitate
680 1857 818 1909 nullo
846 1858 999 1909 modo
1027 1856 1235 1919 uellent,
1263 1855 1468 1907 etiamsi
1494 1859 1719 1922 possent,
1748 1853 1850 1905 ulla
1876 1853 2170 1905 conditione

219 1946 434 1992 mutare.
501 1956 592 1991 nec
638 1939 817 2001 deerit,
864 1938 990 1990 mihi
1033 1938 1198 1999 crede,
1245 1936 1349 1988 tale
1393 1936 1662 1987 hominum
1706 1951 1883 2004 genus,
1930 1934 2011 1986 cui
2057 1933 2170 2001 plus

220 2021 419 2088 placeat
438 2021 534 2072 hoc
554 2021 740 2088 ipsum,
763 2019 884 2087 quia
904 2035 1104 2071 mecum
1127 2017 1520 2085 philosophariS,
1542 2033 1701 2085 quarn
1721 2017 1763 2068 si
1783 2016 1907 2084 quid
1927 2015 2006 2067 hic
2030 2014 2170 2066 aliud

218 2108 307 2153 aut
331 2102 668 2153 iucunditatis
693 2113 783 2153 aut
806 2100 1080 2169 grauitatis
1103 2099 1376 2151 inuenerit.
1420 2115 1543 2150 nam
1567 2102 1618 2149 et
1642 2097 1863 2149 feminae
1887 2101 2007 2149 sunt
2032 2097 2169 2163 apud

219 2190 415 2234 ueteres
444 2182 837 2250 philosophatae
867 2187 917 2233 et
948 2180 1272 2249 philosophia
1300 2185 1391 2231 tua
1422 2179 1547 2230 mihi
1578 2178 1854 2247 plurimum
1885 2177 2068 2245 placet.

349 2279 426 2330 32.
466 2278 598 2329 Nam
633 2293 695 2328 ne
730 2277 871 2344 quid,
908 2282 1090 2339 mater,
1125 2276 1341 2344 ignores,
1376 2275 1471 2327 hoc
1511 2274 1765 2327 Graecum
1800 2273 2032 2334 uerbum,
2069 2288 2170 2339 quo

222 2359 541 2427 philosophia
571 2358 884 2420 nominatur,
912 2358 1096 2410 Latine
1128 2374 1271 2409 amor
1301 2356 1584 2424 sapientiae
1611 2356 1813 2407 dicitur.
1847 2354 1981 2405 unde
2013 2353 2169 2404 etiam

219 2440 423 2491 diuinae
449 2441 746 2507 scripturae,
774 2455 901 2507 quas
927 2438 1257 2490 uehementer
1281 2437 1621 2505 amplecteris,
1648 2452 1750 2488 non
1777 2435 1984 2487 omnino
2010 2433 2172 2502 philo-

219 2521 421 2588 sophOS,
448 2521 534 2572 sed
560 2520 889 2587 philosophos
914 2520 1064 2571 huius
1090 2519 1270 2570 mundi
1295 2519 1537 2570 uitandos
1563 2522 1719 2585 atque
1744 2516 2038 2568 inridendos
2066 2532 2171 2566 esse

220 2602 557 2669 praecipiunt.
581 2618 686 2652 esse
708 2608 883 2652 autem
905 2600 1062 2652 alium
1084 2601 1336 2652 mundum
1358 2599 1423 2651 ab
1445 2599 1553 2650 istis
1577 2598 1732 2650 oculis
1754 2597 2169 2657 remotissimum,

311 2826 360 2867 18
382 2823 436 2868 cf.
462 2825 660 2868 Retract.
689 2825 767 2871 13,
792 2827 813 2867 7
927 2824 979 2867 28
998 2822 1052 2867 cf.
1078 2822 1162 2866 Col.
1189 2825 1226 2870 2,
1249 2824 1273 2864 ὅ

347 2958 366 2998 1
392 2957 699 3012 repperiuntur
712 2958 808 3000 MP
883 2955 1226 3012 contempnendi
1243 2953 1659 3016 Pmllconuertendi
1684 2956 1719 2998 T
1799 2955 1824 2997 3
1847 2952 2076 3010 pcnitralia
2092 2951 2169 2994 AT

219 3030 243 3071 ἴ)
258 3029 495 3074 obmittam
514 3033 549 3073 T
626 3029 733 3073 Sall.
751 3038 791 3072 et
807 3031 1000 3075 omAml
1075 3022 1444 3086 Sconqueratitur
1459 3028 1497 3070 A
1571 3029 1623 3071 10
1635 3025 1780 3070 meum
1795 3032 1945 3071 autem
1958 3025 2116 3070 librum
2135 3025 2173 3066 A

229 3104 274 3144 11
311 3103 385 3146 sed
406 3103 473 3145 uel
495 3106 613 3159 (cum
635 3117 665 3147 s.
690 3105 759 3146 uel
779 3103 866 3159 m‘l)
891 3106 927 3147 A
1058 3105 1109 3146 12
1141 3102 1327 3147 studiosi
1347 3101 1532 3145 nimium
1553 3103 1592 3144 A
1730 3106 1937 3144 contenta
1957 3099 2055 3142 MP
2074 3112 2173 3142 con·

223 3182 395 3234 tempta
408 3177 536 3220 AHT
600 3175 792 3231 uilitate]
815 3177 1009 3221 utilitate
1024 3175 1135 3220 Hm?
1150 3178 1194 3219 in
1210 3190 1288 3230 my.
1307 3175 1559 3219 humilitate
1579 3176 1631 3219 M
1711 3174 1760 3216 13
1783 3174 2118 3229 philosophante
2128 3172 2170 3214 Il

225 3251 274 3292 15
295 3257 607 3295 contemment
630 3251 675 3307 (p
697 3254 799 3305 ras.)
826 3251 861 3293 P
978 3251 1028 3292 18
1051 3250 1211 3293 multos
1234 3252 1273 3292 A
1388 3250 1438 3293 520
1460 3248 1713 3292 condicione
1739 3245 1844 3291 Pm2
1961 3248 2013 3289 22
2034 3243 2170 3299 aliud]

223 3323 387 3378 aliquid
413 3327 449 3368 Τ
552 3326 603 3367 23
622 3340 687 3380 pr.
711 3328 788 3369 aut
811 3326 935 3368 omA
1026 3321 1312 3366 iocunditatis
1334 3323 1587 3367 AMPmlT
1677 3322 1725 3364 24
1759 3319 2040 3376 philophatae
2063 3316 2170 3362 Am]

225 3397 274 3439 25
289 3395 393 3451 quo]
408 3398 525 3452 quod
543 3399 584 3440 H
596 3400 629 3442 T
707 3399 759 3442 28
773 3398 1004 3442 euitandos
1019 3398 1204 3441 AHMT
1218 3396 1303 3439 edd.
1384 3410 1471 3438 esse
1486 3409 1562 3439 om.
1574 3394 1678 3439 Tml
1756 3394 1808 3438 29
1820 3392 1954 3435 alium
1968 3397 2118 3436 autem
2135 3391 2173 3433 A
