2398 3724
434 886 528 964 111.
601 857 977 964 mom<
1049 881 1735 964 UERBORUM
1809 882 1948 961 ET

761 1008 1617 1090 LOCUTIONUM.

212 1202 264 1252 A,
295 1202 370 1244 ab:
401 1215 488 1244 non
520 1201 575 1243 ab
607 1215 649 1243 re
679 1204 745 1243 est
774 1200 842 1251 46,
857 1200 925 1243 26.
956 1199 1095 1243 elatas
1126 1213 1151 1242 a
1187 1177 1190 1228 l
1284 1184 1437 1227 CiendO
1504 1186 1598 1235 113,
1645 1184 1685 1227 (3-
1774 1184 1869 1234 126,
1916 1184 1984 1227 28·
2070 1185 2165 1235 132,

269 1275 432 1319 ceruice
478 1274 681 1331 pinnulas
727 1275 823 1325 138,
869 1275 935 1317 12.
981 1274 1061 1317 abs
1107 1278 1149 1317 te
1188 1235 1191 1342 l
1283 1259 1353 1301 24·

269 1350 337 1401 61,
371 1351 436 1393 12,
1188 1345 1190 1372 ε
1228 1332 1427 1375 absentia
1460 1346 1486 1374 a
1519 1345 1712 1375 sermone
1746 1335 1895 1375 nostro
1930 1331 2066 1374 animi
2099 1331 2166 1374 tui

212 1439 410 1481 aberrare
441 1438 483 1480 in
514 1451 733 1494 quoquam
764 1439 834 1488 33,
865 1439 932 1480 13.

212 1527 328 1570 abire
360 1527 532 1582 longius
566 1528 632 1577 12,
665 1527 731 1569 18.

212 1615 396 1658 ablatio:
428 1615 648 1658 ablatione
677 1615 840 1657 firmari
869 1615 939 1666 68,
968 1616 1038 1659 31.

211 1704 424 1747 ablate'uus
460 1704 568 1747 Ioci:
602 1704 715 1747 lecto
751 1703 914 1747 cubans
950 1703 1044 1753 125,
1082 1703 1149 1746 18.

267 1779 394 1820 ablat.
411 1778 606 1833 tenzporis
621 1792 694 1832 pro
716 1791 868 1820 aecus:
884 1778 1000 1820 uiam
1025 1791 1148 1833 agere
1187 1777 1189 1825 j

268 1852 394 1908 longo
417 1858 611 1908 tempore
634 1854 701 1903 13,
724 1854 788 1895 10.
811 1856 976 1908 septem
998 1851 1149 1894 diebus
1187 1845 1189 1871 Γ

267 1926 430 1970 fuimus
472 1926 602 1969 otiosi
643 1927 712 1977 30,
743 1927 783 1968 6.
844 1925 970 1968 ablat.
1010 1925 1146 1980 qual-i-

268 2000 397 2043 tatis:
439 2000 538 2043 lieet
576 2000 756 2056 quisque
805 2000 939 2042 oeulis
984 1999 1148 2056 apertis
1186 2001 1188 2044 Ῐ

269 2074 383 2115 sanis
422 2075 626 2130 purisque
675 2074 730 2117 sit
764 2076 859 2124 153,
892 2075 960 2116 22.
1020 2073 1147 2116 ablat.

691 2148 878 2203 amplius
928 2147 1010 2190 ista
1063 2161 1187 2189 res-1

268 2222 477 2277 pensione
543 2221 650 2263 nihil
694 2221 895 2276 flagitare
950 2221 1147 2272 151,16.
1185 2271 1187 2274 .

271 2148 599 2201 comparationis
617 2163 630 2190 .·

268 2296 392 2338 ablat.
416 2296 628 2338 absolutus
644 2311 656 2337 .·
673 2295 802 2337 uariis
826 2295 1148 2351 impedimentis

269 2370 408 2411 causis
436 2372 503 2420 13,
530 2371 568 2411 9.
597 2383 681 2425 quo
708 2369 955 2411 aduersario
983 2370 1051 2419 35,
1080 2371 1146 2411 21.

270 2443 435 2486 Tullius
482 2460 522 2486 se
570 2444 670 2486 uiuo
716 2443 949 2499 impatiens
995 2444 1062 2494 79,
1110 2445 1147 2485 2.

270 2516 413 2572 splene
468 2518 627 2560 uitioso
683 2518 775 2568 100,
831 2519 896 2560 13.
949 2516 1187 2573 pendulis¹

269 2590 617 2646 nutantibusque
663 2591 728 2632 his
774 2594 868 2641 110,
914 2592 979 2633 17.
1025 2591 1148 2633 uobis

269 2664 644 2707 existimatoribus
684 2664 933 2706 confirmem
975 2665 1069 2715 148,
1107 2664 1147 2706 5.
1186 2687 1187 2691 =

270 2752 343 2792 pro
402 2741 511 2793 parl.
572 2738 816 2780 coniuncto.-
875 2752 943 2780 me
1003 2744 1147 2780 tecum

270 2812 497 2855 laborante
523 2827 608 2854 non
636 2826 786 2868 parum
815 2812 1023 2868 temporis
1049 2812 1148 2854 dedi

272 2886 445 2935 153,1.
526 2886 651 2927 ablat.
691 2900 765 2939 pro
820 2900 845 2928 a
903 2900 935 2928 e.
993 2886 1147 2929 ablat.:

270 2959 537 3015 quibuslibet
576 2960 910 3002 aduersantilms
949 2959 1147 3016 inpulsus

274 3034 339 3083 17,
371 3035 438 3075 26.

272 3120 357 3161 quo
412 3107 534 3162 quasi
576 3106 729 3162 spiritu
779 3107 1032 3150 admonitus
1081 3109 1146 3158 19,

271 3182 309 3221 9.
370 3194 455 3235 quo
503 3180 645 3222 neseio
693 3169 839 3222 utrum
890 3180 988 3236 plus
1028 3195 1146 3223 exer-

271 3254 404 3295 cearis
442 3255 510 3304 27,
550 3255 615 3296 12.
685 3254 809 3296 ablat.
854 3255 1023 3310 (strand.
1072 3268 1146 3307 pro

270 3331 379 3380 part.
436 3341 598 3381 praem:

271 3406 366 3442 sent
438 3403 529 3442 110.
592 3404 626 3443 1.

506 3048 590 3089 quo
634 3033 938 3075 consulebatur
978 3035 1044 3084 18,
1080 3035 1144 3076 20.
1185 3083 1186 3086 Ἴ

655 3328 851 3370 mirando
910 3327 1145 3370 exclamas·
1183 3356 1185 3372 2

720 3400 973 3443 inlustrauit
1032 3400 1146 3442 subi-
1184 3408 1185 3419 ¹

1188 1373 1191 1448 l
1286 1406 1381 1457 161,
1411 1407 1451 1449 8.

1188 1449 1190 1538 Ξ
1228 1481 1412 1536 absque:
1471 1480 1634 1536 absque
1694 1479 1882 1522 ueritate
1939 1480 2165 1536 peruenire

1284 1556 1324 1605 7,
1355 1556 1394 1597 4.
1438 1568 1526 1597 non
1570 1555 1733 1610 absque
1778 1560 1821 1596 te
1867 1567 1958 1596 esse
2002 1553 2166 1610 placita

1283 1630 1351 1678 40,
1385 1629 1451 1671 17.
1484 1642 1524 1670 a.
1557 1627 1816 1684 inpudentia
1847 1641 1927 1670 nos
1959 1631 2165 1684 putemus

1284 1703 1381 1753 184,
1413 1704 1479 1745 20.

1227 1790 1365 1818 accus.
1390 1776 1602 1819 interioris
1627 1775 1796 1818 obiecti.-
1817 1775 1991 1831 qualem
2019 1775 2166 1831 (flam-

1282 1851 1418 1905 mam)
1453 1850 1764 1893 aestuabamus
1791 1850 1858 1900 26,
1880 1851 1948 1893 20.
1987 1850 2164 1906 qualem

1282 1925 1420 1967 uitam
1454 1939 1532 1967 nos
1569 1924 1771 1967 uiuamus
1814 1925 1912 1975 124,
1942 1925 1983 1967 6.
2046 1937 2167 1966 aceu-

1282 2002 1359 2041 sat.
1389 2012 1463 2053 pro
1491 2012 1580 2054 qen.
1610 1997 1784 2052 quali&
1826 1997 1870 2040 in
1910 1999 1992 2040 hoe
2032 2011 2165 2053 genus

1282 2072 1603 2129 disputationes
1645 2074 1740 2121 142,
1781 2073 1848 2114 24.
1890 2072 2045 2115 ceteris
2084 2072 2165 2114 hoo

1281 2160 1415 2202 genus
1446 2147 1643 2203 pestibus
1676 2146 1772 2197 155,
1802 2148 1844 2189 4.

1225 2221 1383 2263 acriter
1414 2219 1537 2263 dulee
1571 2221 1668 2271 100,
1700 2221 1765 2263 16.

1224 2295 1472 2337 aculeatum
1506 2297 1550 2337 et
1584 2298 1831 2336 contortum
1872 2295 1968 2344 100,
1998 2294 2048 2336 15
2093 2293 2164 2350 (ej.

1280 2368 1368 2411 Cic.
1398 2368 1529 2412 Aeaci.
1561 2368 1609 2409 II
1632 2369 1700 2423 75)

1226 2456 1408 2485 acumen
1478 2444 1593 2497 (opp.
1643 2442 1856 2498 grauitas)
1870 2457 1883 2484 .·
1952 2441 2166 2484 acuminis

1233 2501 1241 2507 ³
1283 2517 1599 2572 grauitatisque
1660 2517 1886 2559 moderata
1949 2515 2165 2558 uarietate

1284 2591 1380 2642 175,
1412 2592 1479 2634 10.

1226 2665 1437 2707 adducere
1494 2664 1538 2705 in
1596 2663 1865 2705 simultatem
1926 2663 2167 2705 sententias

1281 2739 1350 2788 34,
1381 2738 1421 2780 6.

1225 2812 1403 2854 adfabre
1433 2810 1559 2853 nidos
1590 2811 1721 2853 struit
1749 2810 1936 2853 hirundo
1970 2811 2066 2860 181,
2099 2810 2166 2853 18.

1225 2885 1402 2941 adgredi
1435 2885 1757 2941 philosophiam
1792 2885 1862 2935 25,
1898 2887 1937 2927 1.

1225 2959 1391 3002 adicere
1425 2959 1619 3001 animum
1655 2959 1698 3000 in
1731 2972 1875 3000 moras
1910 2959 2006 3007 173,
2041 2958 2109 3000 10.

1225 3032 1550 3075 adminiculare:
1575 3041 1767 3075 mentem
1794 3032 1943 3082 19,1(‘›.
1987 3031 2068 3072 iter
2090 3030 2166 3072 ad-

1279 3106 1546 3149 miniculasti
1576 3106 1645 3156 25,
1676 3107 1745 3148 17.

1224 3181 1516 3235 adpertinere:
1548 3193 1657 3235 quae
1687 3178 1968 3234 adpertinent
1999 3177 2095 3227 149,
2125 3177 2166 3219 9.

1223 3253 1484 3308 adprobare:
1508 3253 1614 3295 illud
1638 3251 1868 3294 inmortale
1892 3250 2166 3305 adprobatur

1281 3327 1376 3377 176,
1407 3329 1446 3369 4.

1223 3401 1416 3443 adserere
1449 3401 1490 3441 in
1525 3400 1768 3442 libertatem
1803 3399 1902 3447 150,
1934 3399 1976 3439 4.
