2398 3724
136 1094 186 1131 10

138 1529 187 1566 15

136 1936 188 1973 20

141 2341 192 2378 25

963 191 1008 233 ΙΙ
1049 191 1115 242 11,
1154 191 1331 241 34-12,
1374 192 1426 233 37
2084 181 2178 232 173

349 345 428 396 36.
470 344 742 411 Progressa
791 342 976 394 deinde
1027 341 1160 394 ratio
1198 341 1574 394 animaduertit
1616 343 1822 394 eosdem
1863 342 1961 394 oris
2011 360 2179 402 sonos,

221 425 407 494 quibus
442 424 770 493 loqueremur
804 430 854 476 et
893 439 1018 491 quos
1055 422 1242 475 litteris
1278 422 1383 474 iam
1417 422 1731 491 signauerat,
1769 423 1894 475 alios
1932 441 2055 485 esse,
2096 425 2180 492 qui

219 508 488 559 moderato
520 505 660 557 uarie
692 505 840 557 hiatu
873 504 1019 572 quasi
1050 504 1262 557 enodati
1293 520 1352 555 ac
1382 503 1638 572 simplices
1672 504 1907 556 faucibus
1939 505 2046 557 sine
2079 505 2183 557 ulla.

220 587 496 640 conlisione
519 586 824 647 defluerent,
843 585 968 638 alios
991 585 1196 638 diuerso
1220 602 1398 654 pressu
1423 585 1537 648 oriS,
1555 592 1729 637 tenere
1753 592 1931 638 tamen
1954 586 2180 655 aliquem

218 685 419 731 sonum,
454 675 711 721 extremos
755 667 1068 736 aute1n‚qui
1111 667 1208 719 nisi
1250 666 1511 719 adiunctis
1553 667 1652 718 sibi
1694 666 1872 735 primis
1916 684 2182 736 erumpere

221 767 323 802 non
347 750 595 802 ualerent.
638 749 816 817 itaque
839 748 1038 801 litteras
1062 748 1159 800 hoc
1182 748 1374 810 ordine,
1401 764 1502 816 quo
1525 748 1792 816 expositae
1814 755 1953 809 sunt,
1979 750 2182 801 uocales

219 830 552 884 semiuocales
590 837 642 883 et
679 837 851 882 mutas
890 829 1206 892 nominauit3
1244 829 1431 882 deinde
1468 829 1694 897 syllabas
1734 830 1955 882 notauit.
1996 830 2183 882 deinde

221 912 377 965 uerba
396 912 449 964 in
468 918 584 970 octo
601 928 785 981 genera
804 911 1099 979 formasque
1128 911 1329 980 digesta
1357 917 1480 963 sunt
1500 910 1769 980 omnisque
1787 910 1990 962 illorum
2009 919 2181 964 motus

219 993 490 1063 integritas
533 993 773 1046 iunctura
817 992 980 1061 perite
1028 992 1392 1061 subtiliterque
1436 991 1687 1045 distincta
1731 998 1869 1044 sunt.
1915 991 2034 1045 inde
2080 993 2183 1045 iam

220 1091 551 1127 numerorum
587 1082 639 1127 et
672 1073 1008 1127 dimensionis
1043 1090 1147 1125 non
1179 1074 1434 1126 inmemor
1467 1073 1658 1126 adiecit
1692 1073 1926 1126 animum
1960 1073 2014 1125 in
2047 1073 2184 1143 ipsas

222 1173 408 1209 uocum
439 1163 490 1209 et
519 1156 838 1225 syllabarum
868 1155 1038 1208 uarias
1068 1171 1237 1208 moras
1267 1163 1426 1224 atque
1455 1155 1574 1208 inde
1604 1155 1775 1224 spatia
1805 1156 2055 1224 temporis
2085 1155 2184 1208 alia

221 1238 397 1307 dupla.
431 1237 532 1290 alia
562 1237 748 1306 simpla
780 1254 887 1290 esse
919 1237 1169 1305 conperit,
1204 1237 1390 1306 quibus
1423 1236 1605 1306 longae
1638 1237 1922 1305 breuesque
1954 1237 2184 1305 syllabae

221 1321 573 1372 tenderentur.
612 1318 819 1372 notauit
855 1318 1015 1372 etiam
1049 1318 1151 1371 ista
1187 1325 1239 1371 et
1274 1318 1328 1370 in
1363 1318 1562 1387 regulas
1601 1325 1766 1371 certas
1802 1318 2076 1387 disposuit.

354 1431 432 1483 37.
459 1431 671 1483 Poterat
692 1429 797 1482 iam
820 1429 1049 1498 perfecta
1073 1446 1179 1482 esse
1201 1429 1546 1498 grammatica
1569 1430 1674 1490 sed,
1701 1429 1821 1498 quia
1844 1429 1956 1498 ipso
1980 1430 2185 1481 nomine

222 1511 455 1579 profiteri
482 1529 532 1564 se
554 1511 753 1563 litteras
777 1511 967 1564 clamat
984 1512 1185 1563 —unde
1209 1511 1369 1563 etiam
1383 1511 1569 1564 Latine
1592 1510 1887 1563 litteratura
1910 1510 2104 1563 dicitur
2131 1543 2187 1546 —

223 1593 422 1645 factum
445 1599 538 1654 est,
578 1599 651 1654 ut,
691 1591 945 1661 quidquid
982 1591 1197 1661 dignum
1233 1592 1481 1644 memoria
1518 1591 1704 1645 litteris
1741 1593 2095 1647 mandaretur.
2121 1594 2185 1644 ad

224 1691 337 1726 eam
367 1673 651 1726 necessario
681 1673 978 1742 pertineret.
1009 1673 1188 1742 itaque
1218 1690 1379 1726 unum
1411 1673 1620 1742 quidem
1650 1690 1854 1735 nomen,
1885 1675 1972 1726 sed
2005 1690 2081 1725 res
2112 1673 2187 1724 in-

222 1754 375 1807 finita
411 1754 687 1823 multiplex
724 1771 963 1807 curarum
1002 1754 1200 1823 plenior
1239 1772 1396 1823 quam
1434 1754 1775 1808 iucunditatis
1815 1762 1907 1808 aut
1948 1754 2186 1807 ueritatis

223 1836 342 1888 huic
377 1836 680 1904 disciplinae
723 1836 954 1899 accessit,
999 1836 1215 1889 historia
1259 1853 1364 1889 non
1405 1842 1517 1889 tam
1559 1836 1682 1905 ipsis
1726 1835 1985 1895 historicis
2031 1853 2186 1905 quam

222 1918 576 1987 grammaticis
598 1917 870 1971 laboriosa.
905 1917 1017 1987 quis
1048 1917 1187 1970 enim
1218 1918 1351 1971 ferat
1379 1917 1682 1986 imperitum
1713 1917 1875 1970 uideri
1906 1917 2185 1977 hominem,

227 1999 314 2068 qui
346 1999 544 2052 uolasse
575 2000 867 2052 Daedalum
899 2016 1002 2052 non
1033 1999 1274 2061 audierit,
1307 2000 1609 2051 mendacem
1640 1999 1801 2060 illum,
1838 1999 1924 2067 qui
1956 1999 2185 2060 finxerit,

224 2080 462 2142 stultum,
499 2081 585 2149 qui
617 2081 909 2142 crediderit,
932 2081 1308 2149 impudentem,
1333 2080 1421 2149 qui
1441 2080 1857 2149 interrogauerit,
1880 2097 1983 2133 non
2006 2080 2185 2137 uideri,

226 2169 318 2214 aut
355 2161 408 2212 in
448 2178 549 2230 quo
587 2169 788 2214 nostros
829 2161 1107 2214 familiares
1146 2161 1376 2231 grauiter
1413 2161 1645 2214 miserari
1682 2162 1837 2225 sole0,
1879 2162 2043 2230 quisi
2085 2178 2187 2213 non

226 2243 602 2311 responderint,
631 2243 753 2312 quid
781 2249 968 2295 uocata
1006 2243 1073 2296 sit
1110 2250 1280 2296 mater
1316 2243 1547 2312 Euryali,
1585 2251 1898 2296 accusantur
1933 2243 2186 2303 inscitiae,

229 2341 343 2376 cum
377 2325 473 2393 ipsi
506 2342 607 2387 eos,
643 2343 670 2377 a
706 2324 891 2394 quibus
926 2343 984 2378 ea
1017 2332 1283 2395 rogantur,
1320 2342 1479 2377 uanos
1514 2332 1564 2377 et
1598 2325 1799 2392 ineptos
1835 2341 1926 2376 nec
1960 2324 2185 2376 curiosos

229 2407 459 2459 audeant
494 2406 793 2475 appellare?

356 2631 404 2673 21
440 2629 492 2673 cf.
530 2629 657 2687 Uerg.
690 2632 794 2673 Aen.
831 2629 893 2672 VI
927 2632 978 2674 14
1013 2643 1104 2687 sqq.
1143 2629 1272 2674 Ouid.
1309 2629 1412 2675 Met.
1451 2629 1537 2673 VII
1572 2630 1649 2673 159
1683 2643 1776 2686 sqq.
1883 2631 1931 2673 24
1966 2629 2018 2673 cf.
2056 2629 2182 2684 Uerg.

229 2705 333 2747 Aen.
361 2703 426 2747 1X
447 2705 524 2748 284
546 2717 641 2761 sqq.

361 2840 381 2881 1
402 2837 520 2880 horis
544 2838 582 2880 P
699 2839 725 2881 3
747 2839 883 2893 hyatu
913 2839 949 2881 T
1069 2840 1093 2880 4
1116 2836 1266 2880 diuero
1294 2839 1328 2880 T
1440 2850 1615 2894 praessu
1638 2838 1752 2880 horis
1781 2838 1816 2879 P
1838 2848 2069 2891 praessum»
2090 2836 2185 2890 (om.

230 2910 333 2965 oris)
354 2910 407 2953 M
509 2914 535 2956 6
557 2921 645 2967 qua
665 2914 704 2954 A
808 2912 830 2953 7
856 2910 1085 2954 semiuoles
1112 2912 1215 2955 Tml
1241 2913 1286 2953 et
1306 2909 1592 2954 semiuocales
1612 2911 1664 2953 M
1769 2910 1948 2954 sillabas
1968 2911 2008 2953 A
2030 2921 2189 2964 semper

233 2984 485 3027 nominauit
498 2984 551 3027 M
667 2985 691 3027 8
714 2985 889 3040 degesta
907 2985 944 3027 P
1062 2983 1184 3042 sunt]
1206 2988 1271 3027 est
1285 2984 1337 3026 Μ
1431 2984 1482 3027 10
1496 2997 1674 3028 numero
1690 2985 1729 3028 H
1824 2984 1874 3026 12
1889 2981 2041 3038 dupla]
2057 2983 2187 3037 dupla

231 3061 275 3099 et
290 3058 427 3101 AMT
451 3058 682 3114 dupliciaa
777 3058 991 3114 simplicia
1011 3071 1037 3100 a
1147 3060 1199 3101 14
1220 3058 1314 3115 ipso
1328 3060 1465 3102 emal!
1588 3059 1639 3101 15
1653 3058 1804 3102 littera
1825 3070 1873 3100 ex
1894 3057 2065 3100 litteras
2078 3055 2186 3100 Am?

233 3131 283 3174 18
303 3134 399 3175 ante
422 3132 654 3187 multiplex
676 3132 771 3177 add.
787 3132 898 3177 Hm?
922 3146 971 3176 ac
1050 3131 1341 3176 iocunditatis
1365 3132 1401 3174 P
1493 3132 1545 3175 19
1566 3131 1761 3187 hystoria
1783 3134 1819 3173 et
1839 3130 2072 3186 hystoricis
2093 3131 2144 3173 M
2156 3131 2189 3172 Τ

232 3205 283 3246 20
307 3204 559 3261 imperitum
582 3205 660 3261 (im
682 3205 758 3249 del.
773 3207 861 3258 7722)
877 3207 916 3248 A
1028 3204 1185 3260 uideri]
1207 3205 1295 3250 utri
1316 3206 1416 3257 ΗΡ,
1440 3207 1576 3249 om.M
1693 3206 1742 3249 21
1766 3218 1852 3248 non
1873 3206 2008 3248 om.M
2109 3202 2190 3245 fiu-

235 3280 379 3323 xerint
403 3279 441 3322 P
462 3279 620 3323 dixerit
642 3282 725 3324 AT
872 3281 923 3324 23
948 3285 1094 3322 nostro
1116 3279 1326 3322 familiari
1346 3281 1445 3323 HM
1453 3280 1490 3321 P
1636 3278 1829 3322 misereri
1850 3280 1902 3322 M
2040 3277 2115 3332 qui
2137 3274 2188 3329 si]

234 3351 358 3408 quasi
379 3354 431 3397 M
533 3355 582 3397 24
604 3354 799 3396 euri*alii
820 3367 869 3396 ex
891 3353 1059 3409 euryali
1084 3350 1190 3396 Pm2
1213 3353 1367 3396 euriali
1388 3353 1529 3396 AMT
1630 3352 1864 3396 inscithiae
1887 3353 1928 3394 Il
1952 3350 2127 3394 insitiae
2151 3350 2189 3391 A

237 3426 288 3467 25
312 3432 519 3481 rogantur
541 3441 588 3470 ea
617 3428 720 3471 Tml
