2398 3724
220 167 314 218 114
896 176 1083 221 ILDe
1122 175 1330 222 beat-a
1372 176 1526 221 uita

218 331 431 383 beatum
453 346 560 382 esse
586 329 715 381 nihil
740 334 819 382 est
845 329 985 382 aliud
1015 346 1174 398 quam
1199 346 1304 382 non
1330 346 1494 399 egere,
1520 330 1616 383 hoc
1643 336 1722 383 est
1747 348 1855 384 esse
1881 333 2188 401 sapientem.

218 413 257 464 si
287 416 463 464 autem
491 411 756 480 quaeritis,
785 411 909 480 quid
937 412 1004 464 sit
1042 411 1316 480 sapientia,
1340 411 1448 464 iam
1481 418 1533 463 et
1557 412 1726 481 ipsam
1750 413 1902 477 ratio,
1931 420 2191 483 quantum

217 495 268 545 in
295 493 591 563 praesentia
618 493 808 561 potuit,
838 493 1034 546 euoluit
1062 498 1221 562 atque
1249 493 1407 557 eruit;
1436 493 1564 545 nihil
1591 498 1670 546 est
1695 494 1835 546 enim
1862 495 2003 548 aliud
2032 513 2191 566 quam

218 576 403 628 modus
431 575 609 638 animi,
641 576 737 628 hoc
766 580 845 628 θεῖ
873 592 976 644 quo
1006 591 1113 628 sese
1144 575 1349 628 animus
1375 574 1550 639 librat,
1581 581 1641 628 ut
1671 592 1839 645 neque
1870 584 2111 631 excurrat
2138 580 2191 631 in

218 658 437 710 nimium
464 674 631 726 neque
656 657 792 709 infra
820 674 980 726 quam
1007 656 1219 726 plenum
1247 662 1326 710 θεῖ
1351 661 1632 711 coartetur.
1680 659 1907 710 excurrit
1933 664 2111 712 autem
2137 661 2189 712 in

216 739 447 791 luxurias
481 739 865 792 dominationes
899 738 1166 808 superbias
1199 744 1474 808 ceteraque
1508 739 1558 792 id
1591 756 1770 809 genus,
1806 740 1994 809 quibus
2026 741 2191 794 inmo-

217 822 517 874 deratorum
551 821 958 890 miserorumque
993 821 1156 873 animi
1190 820 1286 873 sibi
1319 820 1548 886 laeti-tias
1583 825 1741 890 atque
1776 823 2040 891 potentias
2073 840 2191 876 eon-

217 903 390 973 parari
431 907 641 972 putant.
704 907 972 956 coartatur
1018 908 1195 955 autem
1239 902 1474 955 sordibus
1517 902 1791 956 timoribus
1832 921 2063 957 maerore
2106 922 2191 957 cu-

218 985 440 1054 piditate
462 990 620 1053 atque
641 984 772 1049 aliis,
795 1000 1154 1054 quaecumque
1175 989 1314 1048 sunt,
1338 984 1525 1053 quibus
1545 984 1780 1038 homines
1799 986 2011 1039 miseros
2032 987 2190 1039 etiam

218 1067 389 1120 miseri
422 1066 759 1121 confitentur.
812 1084 930 1119 cum
964 1084 1087 1120 uero
1133 1067 1448 1136 sapientiam
1490 1066 1877 1135 contemplatur
1919 1068 2191 1120 inuentam

217 1165 458 1218 cumque,
481 1154 541 1201 ut
560 1149 713 1201 huius
735 1149 881 1218 pueri
902 1148 1062 1202 uerbo
1083 1154 1221 1212 utar,
1244 1149 1309 1202 ad
1331 1149 1499 1218 ipsam
1521 1165 1572 1201 se
1592 1153 1738 1201 tenet
1759 1165 1852 1202 nec
1874 1166 1926 1203 se
1947 1150 2011 1203 ad
2035 1150 2192 1202 simu—

218 1231 475 1284 lacrorum
495 1230 775 1295 fallaciam,
797 1248 1017 1300 quorum
1038 1232 1242 1300 pondus
1263 1229 1534 1299 amplexus
1554 1248 1584 1283 a
1602 1231 1698 1283 deo
1718 1247 1810 1283 suo
1830 1232 2012 1285 eadere
2032 1237 2191 1300 atque

217 1313 444 1382 demergi
473 1311 619 1377 solet,
649 1312 756 1366 ulla
783 1318 1076 1366 commotus
1105 1313 1364 1366 inanitate
1393 1313 1670 1377 conuertit,
1700 1312 1830 1365 nihil
1855 1313 2192 1366 inmoderati—

220 1395 329 1448 onis
360 1400 412 1447 et
441 1395 556 1448 ideo
587 1395 716 1447 nihil
744 1396 1008 1465 egestatis,
1039 1395 1168 1447 nihil
1195 1395 1354 1464 igitur
1383 1394 1617 1447 miseriae
1646 1394 1991 1463 pertimescit-
2031 1395 2192 1448 habet

218 1494 336 1548 ergo
370 1478 586 1530 modum
621 1494 790 1541 suum,
826 1477 878 1530 id
913 1482 991 1530 est
1026 1477 1355 1546 sapientiam,
1392 1476 1624 1545 quisquis
1659 1476 1842 1529 beatus
1877 1482 1972 1531 est.

349 1560 429 1613 34.
474 1558 617 1621 Quae
651 1564 729 1612 θεῖ
763 1564 941 1612 autem
975 1559 1196 1612 dicenda
1230 1559 1489 1627 sapientia
1521 1558 1619 1610 nisi
1654 1574 1786 1627 quae
1821 1559 1904 1611 dei
1936 1559 2193 1627 sapientia

218 1640 335 1693 est?
365 1641 657 1710 accepimus
685 1646 862 1694 autem
890 1641 1051 1694 etiam
1079 1641 1394 1694 auctoritate
1421 1640 1600 1693 diuina
1627 1640 1711 1692 dei
1735 1638 1903 1692 filium
1930 1640 2060 1694 nihil
2085 1658 2192 1693 esse

218 1723 356 1776 aliud
395 1739 554 1792 quam
591 1723 674 1775 dei
708 1723 1038 1792 sapientiam,
1076 1727 1128 1776 et
1164 1727 1242 1775 est
1277 1722 1359 1774 dei
1396 1721 1533 1774 filius
1568 1721 1801 1791 profecto
1837 1723 1980 1775 deus.
2037 1723 2190 1775 deum

215 1805 377 1858 habet
402 1805 561 1875 igitur
588 1806 822 1875 quisquis
850 1805 1035 1858 beatus
1062 1809 1165 1869 est;
1194 1805 1333 1873 quod
1362 1803 1602 1856 omnibus
1629 1803 1776 1856 nobis
1802 1804 1908 1856 iam
1934 1808 2057 1856 ante
2084 1804 2192 1873 pla-

216 1887 340 1950 cuit,
373 1904 492 1939 cum
522 1887 619 1940 hoc
651 1887 953 1940 conuiuium
984 1887 1201 1957 ingressi
1233 1903 1426 1939 sumus.
1461 1887 1547 1938 sed
1583 1886 1707 1954 quid
1739 1886 1940 1954 putatis
1973 1902 2080 1939 esse
2113 1903 2190 1938 sa-

217 1968 470 2038 pientiam
507 1969 606 2022 nisi
640 1968 960 2022 uerita-tem?
998 1970 1159 2021 etiam
1194 1968 1290 2021 hoc
1327 1968 1465 2020 enim
1501 1968 1698 2020 dictum
1736 1971 1837 2019 est:
1875 1984 1900 2019 e
1920 1985 1953 2037 g
1976 1985 2004 2020 o
2040 1985 2062 2019 s
2084 1985 2115 2019 u
2139 1985 2188 2019 m

219 2068 250 2102 u
275 2068 299 2103 e
319 2068 344 2103 r
365 2051 381 2103 i
403 2056 426 2102 t
449 2068 478 2103 a
501 2068 538 2104 s.
569 2052 764 2103 ueritas
794 2056 972 2103 autem
1001 2056 1060 2103 ut
1089 2051 1173 2114 sit,
1203 2049 1267 2102 fit
1294 2066 1385 2118 per
1413 2049 1641 2118 aliquem
1670 2065 1931 2101 summum
1958 2050 2190 2112 modum,

220 2150 247 2184 a
276 2149 379 2201 quo
404 2133 640 2201 procedit
665 2138 717 2185 et
742 2133 794 2184 in
822 2149 978 2201 quem
1004 2149 1055 2185 se
1081 2131 1314 2201 perfecta
1338 2131 1615 2184 conuertit.
1660 2131 1760 2200 ipsi
1785 2135 1963 2184 autem
1989 2147 2191 2183 summo

217 2215 373 2267 modo
394 2213 565 2267 nullus
587 2214 719 2267 alius
740 2216 925 2267 modus
946 2215 1240 2284 inponitur;
1263 2214 1304 2266 si
1325 2214 1463 2266 enim
1486 2230 1717 2265 summus
1738 2213 1922 2265 modus
1944 2229 2034 2280 per
2055 2230 2191 2264 sum-

218 2314 362 2348 mum
385 2298 599 2349 modum
621 2298 806 2349 modus
827 2301 922 2360 est,
946 2314 1036 2366 per
1058 2313 1110 2350 se
1130 2297 1301 2365 ipsum
1322 2296 1508 2348 modus
1530 2300 1624 2347 θεῖ.
1667 2295 1754 2346 sed
1777 2294 1937 2346 etiam
1958 2311 2190 2346 summus

219 2379 403 2431 modus
418 2395 622 2431 necesse
640 2384 737 2443 θεῖ,
753 2383 812 2431 ut
828 2395 981 2431 uerus
998 2379 1183 2431 modus
1201 2377 1284 2430 sit.
1309 2377 1543 2446 utigitur
1562 2376 1755 2428 ueritas
1772 2376 1928 2428 modo
1943 2375 2190 2445 gignitur,

218 2461 294 2513 ita
312 2461 496 2513 modus
517 2461 740 2513 ueritate
759 2460 1102 2530 cognoscitur.
1144 2475 1312 2527 neque
1331 2459 1489 2528 igitur
1509 2458 1702 2510 ueritas
1722 2458 1830 2510 sine
1850 2458 2005 2510 modo
2025 2474 2191 2525 neque

218 2543 403 2594 modus
438 2542 546 2594 sine
580 2543 803 2595 ueritate
836 2558 1090 2611 umquam
1123 2540 1239 2595 fuit.
1277 2541 1390 2609 quis
1425 2544 1503 2592 θεῖ
1536 2539 1617 2592 (1θί
1642 2538 1819 2591 filius?
1855 2539 2054 2591 dictum
2088 2546 2189 2590 est:

219 2623 427 2676 ueritas
474 2624 586 2692 quis
619 2629 712 2687 est,
747 2624 834 2692 qui
866 2640 969 2676 non
997 2623 1159 2675 habet
1189 2622 1431 2692 patrem?
1466 2622 1579 2690 quis
1609 2621 1738 2673 alius
1767 2637 1927 2689 quam
1958 2636 2189 2672 summus

220 2704 442 2757 modus?
489 2705 721 2774 quisquis
748 2706 904 2775 igitur
930 2706 995 2758 ad
1023 2722 1285 2757 summum
1311 2704 1524 2756 modum
1552 2719 1643 2771 per
1667 2703 1945 2754 ueritatem
1972 2701 2188 2763 uenerit,

347 2941 397 2982 11
422 2938 476 2982 cf.
499 2940 538 2987 3,
565 2940 694 2995 RHp.
722 2940 816 2987 103,
842 2939 913 2994 25)
1010 2941 1059 2984 17
1082 2938 1138 2982 cf.
1164 2937 1301 2981 IGor.
1328 2941 1365 2988 1,
1389 2937 1440 2980 24
1534 2938 1578 2980 21
1611 2936 1702 2979 Ioh.
1733 2937 1793 2986 14,
1814 2936 1842 2980 8

311 3075 328 3115 1
366 3058 511 3128 egeret
529 3074 568 3116 A
716 3071 963 3129 sapientem
988 3084 1079 3115 esse
1099 3086 1127 3127 p
1288 3070 1312 3111 2
1346 3071 1433 3113 iam
1455 3069 1551 3112 AM
1586 3081 1687 3111 nam
1710 3068 1746 3111 L
1766 3068 1854 3110 edd.
2010 3068 2106 3124 ipsa
2127 3067 2190 3110 La

217 3148 242 3190 3
265 3145 509 3191 &uoluitA
638 3146 753 3189 enim
776 3145 895 3191 aliud
917 3148 979 3189 est
1003 3145 1057 3188 M
1079 3145 1195 3188 enim
1218 3147 1285 3188 est
1306 3157 1343 3188 a.
1368 3160 1395 3201 p
1419 3142 1527 3186 nihil
1551 3146 1617 3185 est
1638 3158 1678 3187 m
1806 3145 1832 3187 4
1866 3139 1970 3199 quo]
1993 3155 2019 3184 a
2041 3154 2127 3197 quo
2150 3142 2190 3184 A

221 3234 263 3264 se
283 3235 310 3264 a
437 3222 610 3265 animsis
631 3222 671 3264 A
821 3222 844 3263 7
867 3219 1027 3263 animis
1046 3218 1108 3263 ibi
1129 3220 1239 3265 Am]
1430 3218 1456 3262 8
1478 3230 1642 3260 merore
1665 3218 1702 3259 A
1834 3218 1885 3260 12
1907 3214 2125 3259 fallatiam
2150 3216 2189 3257 A

219 3294 379 3352 quibus
392 3310 420 3350 p
515 3298 563 3339 14
580 3295 837 3351 inegestatis
853 3297 890 3338 A
930 3292 942 3344 l
972 3294 1022 3340 16
1035 3298 1184 3338 autem
1200 3306 1312 3349 om.p
1394 3294 1443 3336 17
1459 3291 1594 3336 etiam
1608 3290 1815 3346 0712.LMp
1894 3290 1946 3333 18
1959 3292 2004 3333 et
2016 3292 2081 3333 est
2096 3289 2187 3331 LM

218 3368 262 3410 id
285 3372 349 3411 est
367 3369 406 3411 A
502 3371 551 3414 19
572 3369 742 3426 placuit
755 3373 858 3413 ante
873 3369 909 3412 L
1001 3370 1047 3413 21
1074 3368 1189 3412 enim
1204 3367 1282 3412 hoc
1300 3367 1335 3410 L
1426 3366 1478 3409 22
1500 3370 1550 3408 ut
1563 3365 1656 3407 add.
1675 3363 1784 3409 Am2
1798 3363 1864 3406 εἰ.
1958 3364 2012 3407 28
2032 3363 2140 3420 quid
2155 3363 2190 3405 L

222 3448 287 3486 est
309 3440 418 3486 Amtz
433 3456 451 3485 s
472 3442 496 3487 l.
605 3444 658 3486 29
677 3444 749 3487 aze.
774 3443 953 3499 quisn*
970 3445 1057 3498 (θεῖ
1078 3444 1205 3497 eras.)
1220 3444 1259 3485 A
1349 3441 1402 3484 530
1425 3443 1628 3484 summu*
1646 3439 1681 3494 (s
1707 3440 1810 3494 ras.)
1825 3438 1863 3480 A

2224 680 2245 716 5

2227 1087 2277 1124 10

2227 1495 2277 1532 15

2225 1905 2275 1941 20

2225 2310 2276 2348 25

2226 2717 2276 2754 30
