2398 3724
99 1142 148 1177 10

98 1570 147 1605 15

96 1975 146 2010 20

96 2380 145 2416 25

98 2806 149 2842 30

918 240 986 283 III
1027 241 1094 291 17,
1132 239 1313 288 37-18,
1355 239 1405 281 40
2073 225 2135 276 77

184 397 246 448 (19
280 395 469 454 anima,
505 400 715 461 propter
750 408 904 460 quam
939 406 1061 443 uera
1093 389 1418 458 philosophia
1451 389 1649 457 uigilat‚
1686 388 1942 441 sententia
1978 388 2138 441 delec-

184 483 384 528 taretur
412 475 586 527 dicens
616 490 729 526 eam
760 489 868 525 esse
898 471 1170 524 mortalem
1201 487 1294 523 nec
1326 471 1602 538 quicquam
1633 486 1739 521 esse
1771 476 1974 537 praeter
2002 470 2139 522 hunc

186 556 474 609 sensibilem
500 555 754 608 mundum
784 552 1011 620 nihilque
1037 552 1089 603 in
1117 569 1174 604 eo
1202 551 1283 620 agi
1310 551 1407 603 nisi
1435 567 1642 619 corpore
1668 581 1734 586 —
1758 567 1879 602 nam
1907 557 1958 603 et
1983 552 2138 603 deum

183 638 351 706 ipsum
373 637 542 706 ignem
564 635 788 704 putabat
809 665 874 670 -
893 633 1293 702 prudentissime
1315 639 1473 701 atque
1495 631 1764 684 utilissime
1786 631 1911 683 mihi
1934 631 2141 684 uidetur

185 717 452 779 ArcesilaS,
493 734 607 769 cum
644 715 765 768 illud
804 715 907 768 late
944 721 1168 783 serperet
1204 713 1415 775 malum,
1456 712 1741 765 occultasse
1774 712 1980 781 penitus
2009 713 2139 765 Aca-

184 800 382 852 demiae
408 798 718 851 sententiam
741 804 792 849 et
816 796 961 864 quasi
983 812 1166 848 aurum
1198 795 1565 847 inueniendum
1589 795 1898 862 quandoque
1920 795 2137 862 posteris

185 881 426 932 obruisse.
469 895 622 947 quare
656 895 771 930 cum
805 877 858 929 in
890 877 1047 930 falsas
1081 876 1344 944 opiniones
1378 891 1524 929 ruere
1556 875 1711 929 turba
1744 875 1813 928 sit
1846 876 2053 943 pronior
2085 883 2136 928 et

184 961 551 1014 consuetudine
599 975 869 1027 corporum
917 958 1090 1011 omnia
1136 975 1245 1010 esse
1294 973 1538 1025 corporea
1586 957 1825 1009 facillime
1861 958 1947 1009 sed
1986 957 2136 1009 noxie

184 1045 435 1103 credatur,
480 1041 710 1093 instituit
748 1041 825 1092 uir
865 1039 1195 1092 acutissimus
1243 1046 1400 1107 atque
1443 1038 1845 1090 humanissimus
1889 1039 2138 1091 dedocere

183 1124 354 1193 potius
390 1140 514 1191 quos
546 1121 845 1190 patiebatur
870 1121 1001 1173 male
1026 1122 1207 1173 doctos
1242 1137 1397 1188 quam
1422 1122 1602 1172 docere
1644 1136 1769 1188 quos
1807 1119 1996 1171 dociles
2036 1135 2139 1172 non

184 1203 552 1257 arbitrabatur.
605 1204 722 1255 inde
771 1202 857 1255 illa
907 1202 1081 1255 omnia
1117 1209 1244 1255 nata¹
1280 1209 1417 1263 sunt,
1459 1218 1587 1269 quae
1625 1217 1790 1253 nouae
1828 1200 2137 1253 Academiae

182 1286 497 1346 tribuuntur,
540 1285 658 1353 quia
696 1300 871 1336 eorum
902 1284 1267 1336 necessitatem
1305 1290 1502 1335 ueteres
1539 1299 1642 1334 non
1680 1282 1959 1334 habebant.

312 1390 391 1441 39.
446 1388 637 1449 Quodsi
699 1387 832 1440 Zeno
888 1387 1276 1456 expergefactus
1331 1393 1464 1439 esset
1507 1386 1783 1454 aliquando
1829 1393 1880 1438 et
1924 1386 2138 1439 uidisset

182 1487 345 1538 neque
401 1470 675 1537 quicquam
727 1469 1090 1536 comprehendi
1142 1485 1290 1536 posse
1342 1468 1440 1519 nisi
1496 1468 1642 1536 quale
1694 1467 1802 1535 ipse
1853 1467 2138 1521 definiebat

183 1568 345 1619 neque
371 1551 474 1603 tale
500 1550 692 1618 aliquid
720 1551 771 1601 in
797 1549 1094 1618 corporibus
1120 1567 1267 1618 posse
1293 1549 1526 1610 inueniri,
1557 1548 1740 1617 quibus
1767 1548 1847 1600 ille
1872 1548 2138 1602 tribuebat

182 1632 369 1694 omnia,
404 1632 525 1684 olim
556 1648 762 1700 prorsus
794 1631 890 1683 hoc
920 1648 1078 1700 genus
1110 1631 1543 1699 disputationum,
1579 1631 1713 1698 quod
1747 1647 1937 1698 magna
1969 1647 2139 1682 neces-

181 1714 334 1766 sitate
363 1713 689 1781 flagrauerat,
720 1712 902 1764 fuisset
931 1712 1236 1764 extinctum.
1283 1713 1369 1764 sed
1400 1712 1534 1764 Zeno
1563 1711 1783 1781 imagine
1813 1712 2137 1764 constantiae

181 1796 442 1862 deceptus,
478 1800 535 1846 ut
567 1794 691 1862 ipsis
725 1793 1048 1845 Academicis
1082 1793 1358 1845 uidebatur
1388 1810 1482 1845 nec
1513 1793 1637 1845 mihi
1671 1793 1830 1846 etiam
1862 1809 1966 1845 non
2000 1793 2139 1845 uide-

183 1884 282 1937 tur,
314 1876 555 1943 pertinax
583 1875 682 1927 fuit
712 1875 942 1943 fidesque
983 1875 1070 1927 illa
1111 1891 1381 1944 corporum
1413 1875 1713 1942 perniciosa,
1747 1892 1951 1942 quoquo
1984 1876 2135 1927 modo

180 1957 368 2025 potuit,
405 1956 629 2025 peruixit
662 1956 713 2007 in
747 1956 1107 2024 Chrysippum,
1146 1956 1230 2024 qui
1265 1956 1308 2008 ei
1339 1987 1404 1992 --
1431 1973 1551 2007 nam
1585 1956 1808 2008 maxime
1843 1962 2048 2023 poterat
2075 1987 2141 1993 —

180 2055 393 2107 magnas
417 2038 547 2090 uires
569 2038 724 2090 latius
746 2055 796 2089 se
818 2037 1144 2089 diffundendi
1166 2037 1344 2099 dabat,
1369 2037 1465 2088 nisi
1489 2053 1553 2089 ex
1572 2037 1656 2088 illa
1680 2044 1827 2105 parte
1850 2038 2138 2090 Carneades

181 2120 343 2171 acrior
365 2126 415 2171 et
440 2119 733 2187 uigilantior
755 2118 1099 2186 superioribus
1124 2118 1304 2171 ceteris
1327 2118 1402 2171 ita
1426 2118 1717 2181 restitisset,
1744 2127 1801 2171 ut
1824 2119 1976 2170 mirer
1998 2119 2138 2171 illam

181 2200 472 2268 opinionem
501 2200 692 2267 aliquid
722 2199 881 2252 etiam
908 2207 1089 2268 postea
1118 2199 1356 2252 ualuisse.
1405 2217 1628 2268 namque
1657 2202 1944 2252 Carneades
1973 2200 2136 2268 primo

179 2281 320 2333 illam
350 2281 492 2333 uelut
522 2281 869 2333 calumniandi
899 2281 1294 2349 impudentiam,
1340 2298 1439 2349 qua
1472 2282 1683 2333 uidebat
1714 2281 1993 2333 Arcesilam
2035 2298 2138 2333 non

181 2363 504 2414 mediocriter
526 2363 854 2424 infamatum,
879 2362 1134 2430 deposuit,
1159 2379 1221 2414 ne
1247 2370 1424 2414 contra
1451 2363 1623 2414 omnia
1648 2362 1774 2414 uelle
1798 2363 1963 2414 dicere
1991 2362 2136 2431 quasi

180 2443 541 2495 ostentationis
576 2460 732 2495 causa
766 2443 1041 2505 uideretur,
1086 2445 1173 2495 sed
1207 2443 1344 2511 ipsos
1379 2443 1579 2511 proprie
1613 2443 1709 2496 sibi
1749 2443 1944 2496 Stoicos
1979 2451 2136 2512 atque

184 2525 528 2592 (hrysippum
561 2524 918 2577 conuellendos
951 2526 1356 2593 euertendosque
1389 2525 1672 2594 proposuit.

312 2628 513 2679 XVIII.
549 2629 626 2680 40.
662 2628 859 2680 Deinde
893 2645 1015 2680 cum·
1043 2628 1268 2697 undique
1303 2636 1633 2696 premeretur,
1668 2628 1708 2680 si
1741 2628 1865 2680 nulli
1899 2628 1967 2680 rei
2001 2635 2136 2681 esset

181 2726 434 2764 assensus,
464 2709 589 2760 nihil
615 2716 851 2762 acturum
880 2726 989 2761 esse
1017 2710 1303 2778 sapientem
1331 2742 1396 2746 —
1422 2727 1449 2762 o
1478 2710 1737 2762 hominem
1766 2710 1949 2762 mirum
1980 2718 2135 2777 atque

184 2791 309 2842 adeo
331 2807 432 2840 non
453 2789 663 2842 mirum!
684 2790 751 2842 ab
770 2790 894 2859 ipsis
914 2791 1048 2842 enim
1069 2790 1302 2843 Platonis
1324 2791 1553 2844 fontibus
1574 2792 1864 2859 profluebat
1886 2823 1950 2827 -—
1969 2799 2138 2843 atten-

178 2871 254 2922 dit
287 2871 558 2938 sapienter,
594 2871 768 2939 quales
800 2871 868 2922 illi
901 2872 1129 2924 actiones
1162 2872 1456 2940 probarent,
1490 2890 1678 2941 easque
1711 2873 1880 2925 nescio
1916 2889 2132 2941 quarum

307 3103 330 3146 2
352 3102 404 3146 cf.
430 3102 514 3146 Cic.
540 3102 664 3146 Tusc.
692 3103 710 3145 1
735 3102 787 3148 ’79
893 3104 945 3146 29
967 3104 1020 3147 cf.
1045 3102 1131 3147 Cic.
1152 3104 1286 3147 Aead.
1315 3103 1446 3148 1139.
1468 3103 1534 3146 62.
1562 3103 1640 3148 108

313 3252 331 3291 1
367 3249 610 3294 declaretur
645 3254 681 3295 Τ
798 3251 820 3293 2
852 3251 1082 3308 quisquam
1117 3253 1239 3296 Mml
1358 3257 1379 3297 7
1413 3251 1476 3309 et]
1509 3265 1561 3295 ex
1593 3254 1646 3295 M
1762 3252 1786 3294 9
1817 3252 2051 3296 credantur
2081 3252 2133 3294 M

186 3322 232 3363 15
251 3321 337 3377 ille]
358 3322 449 3379 ipse
470 3325 522 3367 M
688 3323 737 3366 19
758 3324 1002 3379 pernitiosa
1022 3327 1120 3369 MT
1259 3326 1324 3368 20.
1350 3327 1401 3369 27
1421 3326 1673 3382 crysippum
1699 3325 1785 3367 ΗΡ
1805 3325 2073 3382 chrisippum
2100 3326 2136 3367 T

180 3395 412 3452 erisippum
437 3399 488 3440 JI
583 3395 702 3452 nam]
723 3409 857 3453 quam
883 3400 1018 3443 Tmla
1094 3397 1144 3441 21
1169 3412 1326 3455 magna
1353 3401 1389 3443 T
1462 3399 1597 3443 latius
1619 3400 1823 3443 oinsslml
1920 3399 1971 3441 22
1992 3397 2074 3452 ita]
2097 3397 2134 3438 ei

184 3467 244 3510 ita
270 3472 305 3513 T
407 3470 455 3512 24
477 3470 547 3513 illa
576 3472 612 3513 P
718 3471 771 3515 28
791 3485 873 3515 (11111
902 3474 937 3515 T
1052 3473 1099 3514 31
1127 3471 1211 3516 illis
1238 3474 1273 3516 T
1388 3473 1574 3528 aetionis
1599 3474 1702 3516 Pin]
