2398 3724
127 1119 176 1155 10

126 1525 174 1561 15

1005 200 1102 246 lib.
1146 202 1166 245 Ι
1203 215 1318 257 cap.
1358 202 1384 244 3
2076 190 2170 242 187

213 356 297 408 illa
340 355 650 407 inusitatum
693 360 786 415 est,
830 355 916 406 sed
959 353 1125 422 ipsam
1167 369 1274 405 rem
1317 351 1534 404 uelimus
1576 352 1872 405 adtendere.
1916 354 2170 405 mundum

215 437 404 506 quippe
458 436 539 488 ille
583 435 969 504 intellegibilem
1014 433 1337 502 nuncupauit
1393 433 1560 501 ipsam
1604 433 1859 485 rationem
1903 434 2171 502 sempiter-

214 536 333 571 nam
372 525 530 585 atque
568 516 1066 573 incommutabilem,
1109 533 1210 583 qua
1249 515 1372 567 fecit
1409 515 1534 566 deus
1573 515 1843 566 mundum.
1886 531 2042 582 quam
2083 516 2170 584 qui

212 617 318 652 esse
359 605 530 667 negat,
571 598 821 666 sequitur,
864 604 920 650 ut
960 597 1102 649 dicat
1141 595 1578 648 inrationabiliter
1616 596 1770 647 deum
1811 595 1989 648 fecisse
2032 598 2168 664 quod

212 680 351 741 fecit,
381 688 489 742 aut,
519 696 635 731 cum
664 679 855 731 faceret
884 679 964 730 uel
990 685 1274 745 antequam
1301 676 1510 739 faceret,
1540 676 1776 737 nescisse,
1807 677 1929 744 quid
1958 676 2166 740 faceret,

212 762 251 814 si
282 763 419 829 apud
451 778 567 813 eum
597 760 730 812 ratio
760 759 982 812 faciendi
1012 776 1115 810 non
1144 766 1270 811 erat.
1301 758 1340 810 si
1372 774 1492 809 uero
1522 766 1649 819 erat,
1679 757 1813 810 sicut
1843 765 1970 820 erat,
2000 758 2167 826 ipsam

212 843 419 895 uidetur
469 842 620 894 Pla'to
673 858 882 893 uccasse
933 839 1319 909 intellegibilem
1370 839 1641 891 mundum.
1695 856 1788 890 nec
1838 847 2016 891 tamen
2066 839 2167 892 isto

212 924 417 976 nomine
465 940 554 975 1103
591 930 866 984 uteremur,
911 922 950 974 si
993 922 1097 973 iam
1140 921 1266 973 satis
1310 938 1534 973 essemus
1577 920 1764 972 litteris
1808 920 2166 973 ecclesiasticis

213 1006 417 1058 eruditi.

346 1101 449 1152 Nec
496 1101 620 1152 illud
671 1100 795 1151 mihi
847 1100 1032 1167 placet,
1086 1099 1221 1167 quod
1273 1115 1391 1150 cum
1439 1097 1708 1150 dixissem:
1770 1115 1970 1149 summa
2017 1114 2167 1163 opera

212 1183 379 1234 danda
410 1187 476 1234 est
508 1182 711 1247 optimis
742 1180 976 1242 1110110113,
1011 1197 1133 1232 111οΧ
1163 1179 1363 1232 addidi:
1398 1179 1516 1231 deus
1548 1180 1682 1230 em'm
1712 1184 1874 1230 noster
1905 1179 2047 1231 aliter
2077 1196 2166 1232 nos

211 1264 448 1315 erauclz‘re
491 1280 590 1314 non
633 1263 828 1328 poterit,-
868 1262 984 1313 berne
1027 1267 1189 1313 mutem
1230 1262 1457 1313 uiuentes
1499 1260 1740 1325 facillime
1793 1261 2037 1312 exaudiet.
2094 1261 2166 1313 sic

212 1346 348 1397 enim
381 1345 580 1397 dictum
615 1351 708 1406 est,
742 1352 1016 1412 tamquam
1068 1345 1099 1395 d
1124 1362 1148 1395 e
1172 1360 1202 1394 11
1226 1360 1246 1395 3
1300 1360 1331 1393 11
1356 1359 1383 1394 0
1406 1360 1438 1393 n
1491 1360 1515 1393 e
1539 1360 1621 1394 xa
1646 1343 1729 1393 ud
1754 1342 1768 1391 1
1791 1360 1818 1393 a
1842 1349 1863 1394 t
1916 1359 1948 1410 p
1971 1360 1995 1394 e
2019 1359 2045 1393 c
2067 1359 2092 1393 0
2113 1360 2166 1394 a·

211 1434 231 1478 t
257 1444 283 1477 0
306 1443 328 1476 1·
350 1445 374 1478 e
396 1444 443 1489 3;
491 1427 626 1493 quod
656 1425 863 1493 quidem
888 1425 1022 1477 dixit
1050 1425 1100 1475 in
1127 1423 1408 1492 euangelic,
1436 1425 1523 1476 sed
1550 1423 1648 1480 ille,
1691 1423 1776 1490 qui
1814 1424 2045 1475 nondum
2084 1440 2166 1475 00-

209 1515 459 1576 gncuerat
475 1507 753 1567 (hristum,
772 1525 799 1558 a
824 1524 924 1574 quo
945 1507 1047 1558 iam
1068 1509 1232 1558 suerat
1246 1505 1586 1557 inluminatus
1608 1505 1660 1555 in
1682 1520 1907 1571 corpore.
1925 1522 2017 1556 nec
2037 1504 2162 1557 illud

209 1589 395 1657 placet,
447 1589 579 1656 quod
621 1588 946 1656 Pythagorae
983 1586 1285 1655 philosopho
1335 1594 1545 1638 tantum
1587 1585 1752 1638 laudis
1789 1586 1923 1647 dedi,
1963 1594 2036 1648 ut,
2077 1586 2163 1654 qui

208 1671 341 1722 hanc
370 1671 517 1722 audit
549 1670 630 1722 uel
658 1669 797 1737 legit,
831 1669 994 1737 possit
1024 1676 1208 1736 putare
1238 1685 1318 1720 me
1350 1667 1623 1720 credidisse
1666 1667 1831 1718 nullos
1875 1683 2065 1718 errores
2108 1667 2162 1719 in

209 1752 555 1819 Pythagorica
588 1768 694 1803 esse
725 1751 981 1807 doctrina,
1016 1767 1131 1802 011111
1163 1750 1267 1802 sint
1299 1749 1468 1817 plures
1499 1749 1740 1817 idemque
1773 1748 2039 1816 capitales,

346 1848 457 1899 Hoc
495 1864 620 1916 opus
657 1847 727 1898 sic·
763 1847 971 1915 incipit:
1012 1846 1085 1898 De
1121 1846 1293 1898 ordine
1327 1862 1506 1907 rerum,
1542 1845 1742 1897 Zenobzss.

335 2073 360 2114 3
384 2073 476 2114 Act.
502 2072 567 2119 17,
590 2073 642 2114 24
774 2071 822 2113 10
843 2071 907 2113 De
929 2070 1018 2113 ord.
1048 2070 1091 2112 II
1115 2071 1181 2121 20,
1202 2070 1255 2114 52
1384 2070 1436 2114 13
1459 2070 1548 2114 Ioh.
1576 2069 1615 2118 9,
1635 2069 1688 2112 30
1709 2083 1772 2125 sq.
1910 2070 1957 2112 15
1979 2069 2043 2112 De
2067 2069 2157 2112 ord.

212 2145 255 2187 Il
278 2145 344 2197 20,
367 2144 418 2189 53
442 2159 505 2201 sq.
629 2146 677 2187 18
700 2146 809 2200 Aug.
833 2145 885 2187 de
908 2146 988 2187 ciu.
1015 2144 1082 2187 dei
1106 2145 1167 2187 VI
1189 2143 1226 2186 ἶ).
1255 2144 1412 2187 V1135

2199 1522 2248 1559 10
